2241 3473
217 138 292 176 136

161 212 218 250 sic
236 212 276 250 in
297 210 454 248 Oriente
475 208 749 252 dissensiones,
769 207 983 254 turbasque
1003 205 1114 243 exci-

158 265 300 302 tabant
326 262 516 300 haeretici
543 259 770 298 Nestoriani
792 261 832 295 et
851 258 1114 306 Eutychiani,

158 317 198 354 in
219 317 430 354 Occidente
451 313 702 350 ecclesiarum
723 323 800 359 pax
818 314 858 347 et
873 311 1110 359 prosperitas

155 370 417 406 turbabantur
435 367 692 403 barbarorum
707 363 1007 409 incursionibus,
1024 363 1109 400 bel-

153 421 201 463 lis
220 433 266 458 ac
287 419 580 467 direptionibus.
601 416 720 464 Angli
740 419 780 453 et
800 416 973 453 Saxones
989 417 1109 453 inva-

157 476 293 511 serunt
321 471 468 508 insulas
497 469 765 514 Britannicas,
795 472 835 505 et
863 468 998 506 eiectis
1026 471 1113 517 post

156 526 272 574 plura
291 523 507 562 certamina
527 521 676 568 incolis,
699 522 811 558 sedes
831 521 910 558 illic
924 522 1108 559 fixerunt.

157 578 284 618 Quum
304 576 367 613 isti
388 575 517 623 populi
541 577 671 611 essent
688 574 817 610 indole
835 574 982 612 feroces
999 578 1038 611 et
1053 586 1111 611 re-

152 630 298 678 ligione
322 628 489 673 ethnici,
511 629 654 664 cuncta
673 626 778 663 ferro
799 629 838 663 et
859 627 949 675 igne
970 629 1107 665 vasta-

154 686 264 728 runt;
286 680 507 726 Britannos,
528 679 761 727 praesertim
784 679 982 728 episcopos
996 682 1035 717 et
1051 692 1108 718 sa-

153 735 339 778 cerdotes,
371 733 598 769 immaniter
630 732 880 769 trucidarunt
905 736 1106 781 totamque

149 799 246 835 pene
279 786 504 833 religionem
534 785 794 822 christianam
824 785 903 822 illic
942 785 1104 822 deleve-

150 842 251 876 runt.
269 838 450 875 Britanni
466 849 486 874 e
504 838 690 875 caedibus
706 838 947 886 superstites,
961 839 1105 886 partim

148 891 428 928 intraXValliae
441 892 592 927 montes
607 902 648 927 se
660 891 980 938 receperunt,ubi
993 903 1104 928 suam

148 947 284 981 contra
312 943 645 991 Anglo-Saxones
674 943 898 980 libertatem
917 944 1103 981 defende-

147 999 252 1042 runt,
278 997 420 1045 partim
441 996 705 1044 confugerunt
719 996 758 1032 in
777 995 943 1033 Galliam
961 1000 1000 1034 et
1016 1009 1101 1034 con-

147 1050 333 1086 sederunt
361 1050 466 1086 intra
494 1049 592 1085 fines
622 1048 872 1095 Armoricae,
893 1061 992 1097 quae
1012 1049 1101 1088 inde

144 1102 354 1140 Britannia
374 1102 500 1138 minor
522 1102 627 1139 dicta
648 1103 718 1138 est.

197 1157 331 1192 Attila
349 1157 393 1192 in
415 1155 557 1191 Gallia
577 1160 617 1191 et
633 1155 760 1191 Italia
777 1177 828 1182 -ψ
844 1155 917 1192 An.
935 1155 1011 1193 451
1028 1156 1102 1194 At-

144 1207 229 1253 tila,
246 1208 478 1245 Hunnorum
493 1210 844 1256 rex,cognomento
861 1209 1101 1257 Flayellum

143 1261 241 1303 Dei,
262 1273 351 1298 cum
372 1261 545 1298 exercitu
568 1261 685 1298 irruit
706 1261 743 1296 in
766 1261 929 1306 Gallias,
947 1273 1100 1299 earum-

144 1324 222 1360 que
261 1315 377 1350 urbes
406 1313 684 1359 nobilissimas,
713 1313 864 1360 Metas,
894 1314 1098 1361 Treviros,

143 1365 332 1415 Tongros,
346 1367 533 1412 Rhenms,
547 1367 731 1403 vastavit.
749 1367 1030 1404 Verumtamen
1050 1369 1098 1405 ab

141 1419 255 1456 Ae'tio
276 1420 545 1456 Romanorum
569 1420 668 1456 duce
690 1420 729 1456 in
751 1420 899 1468 campis
916 1421 1099 1458 Catalau-

141 1471 235 1508 nicis
263 1473 506 1521 profligatus,
536 1472 680 1509 iterum
710 1473 894 1510 Rhenum
914 1474 1095 1511 traiicere

140 1527 297 1562 coactus
317 1529 386 1562 est.
408 1526 523 1562 Anno
548 1528 750 1577 sequente,
771 1525 920 1562 viribus
941 1538 1097 1563 resum-

138 1578 236 1625 ptis,
267 1578 388 1626 Alpes
418 1579 616 1627 perrupit,
636 1579 861 1627 Aquileiam
875 1608 883 1624 ,
905 1579 1096 1626 Ticinum,

138 1630 404 1668 Mediolanum
435 1632 621 1677 vastavit,
643 1631 827 1678 omnique
847 1631 986 1668 Italiae
1007 1634 1094 1670 ter-

137 1693 267 1720 rorem
296 1684 440 1721 iniecit.
471 1685 509 1721 S.
532 1684 610 1721 Leo
632 1685 717 1732 Pp.‚
738 1684 1017 1722 Valentiniano
1038 1686 1095 1723 ΙΙΙ

138 1736 356 1785 populoque
368 1737 621 1785 efflagitante,
631 1738 781 1774 Attilae
794 1737 842 1774 ad
855 1737 1094 1776 confluentes

137 1788 269 1826 Mincii
301 1793 339 1826 et
368 1791 466 1826 Padi
487 1801 715 1835 occurrens,
736 1790 791 1827 ita
811 1793 984 1827 atrocem
1004 1792 1093 1828 ani-

137 1853 245 1878 mum
275 1843 490 1890 permulsit,
513 1846 745 1891 tantumque
766 1844 1003 1880 auctoritate
1026 1857 1094 1892 pa-

138 1894 228 1939 tuit,
250 1895 459 1943 divinaque
482 1896 608 1932 valuit
628 1896 866 1944 eloquentia,
885 1900 926 1933 ut
942 1908 991 1933 ex
1010 1897 1092 1934 Ita-

136 1946 190 1983 lia
216 1947 445 1985 obedienter
464 1949 658 1996 imperata
677 1948 825 1986 faciens
842 1979 851 1996 ,
873 1950 1090 1987 exereitum

136 2000 246 2036 trans
267 2000 491 2037 Danubium
514 2002 715 2039 reduxerit
730 2000 752 2039 ¹.

193 2052 443 2090 Genserz'cas
478 2055 655 2091 Romam
684 2055 966 2103 depraedatur
996 2054 1085 2105 (an.

135 2104 364 2154 455)-Vix
384 2107 514 2142 Hunni
533 2107 647 2144 Italia
665 2111 779 2145 erant
795 2109 955 2155 egressi,
971 2120 1089 2156 quum

134 2157 173 2193 in
209 2169 296 2194 eam
317 2157 520 2196 irru'erunt
541 2160 720 2196 Vandali.
743 2161 854 2198 Anno
875 2161 979 2198 enim
1000 2162 1089 2208 455,

133 2209 370 2259 interempto
392 2212 670 2249 Valentiniano
692 2213 760 2258 III,
782 2214 988 2261 imperium
1013 2215 1088 2252 Oc-

133 2262 297 2301 cidentis
329 2264 496 2312 arripuit
527 2264 736 2302 Petronius
757 2266 967 2303 Maximus.
990 2268 1090 2303 Gen-

131 2315 277 2353 sericus
306 2317 579 2354 Vandalorum
616 2330 699 2362 rex,
721 2319 768 2354 ab
790 2319 982 2365 Eudoxia,
1003 2320 1088 2357 Va-

129 2367 333 2406 lentiniani
363 2370 497 2415 vidua,
518 2370 708 2407 adversus
724 2370 940 2409 Maximum
963 2384 1012 2409 cx
1032 2374 1087 2410 A-

130 2420 229 2458 frica
261 2428 463 2467 evocatus,
483 2422 522 2458 in
546 2422 699 2458 Italiam
722 2425 938 2461 exercitum
961 2425 1086 2462 traie-

130 2472 201 2518 cit;
223 2474 349 2512 victor
364 2476 532 2512 Romam
554 2487 676 2522 usque
694 2488 932 2524 progressus,
950 2478 1084 2515 urbem

131 2526 232 2573 cepit
255 2539 300 2564 ac
321 2528 585 2576 depraedatus
606 2531 687 2573 est3
708 2532 881 2565 attamen
898 2542 925 2566 s.
942 2531 1083 2568 Leonis

132 2579 308 2617 oratione
330 2580 494 2626 lenitus,
515 2592 538 2617 a
559 2581 678 2617 caede
700 2584 738 2617 et
759 2581 936 2619 inccndio
958 2584 1082 2620 absti-

128 2629 230 2668 nuit.
255 2633 454 2670 Maximus
474 2644 497 2670 a
518 2634 598 2670 suis
619 2632 853 2671 interfectus
871 2638 931 2671 est
946 2637 1081 2673 eodem

129 2694 229 2720 anno
256 2714 265 2731 ,
300 2688 338 2723 et
373 2685 610 2723 Gensericus
644 2686 683 2722 in
717 2686 890 2723 Africam
926 2699 1082 2726 remca-

128 2735 187 2772 vit
205 2735 231 2773 ².

182 2788 386 2835 Synode'A
394 2792 479 2827 rela
486 2792 608 2829 tensis
625 2792 705 2828 etA
715 2791 980 2839 ηῑῖθῃανθηείε
993 2792 1079 2842 (cm.

127 2840 326 2890 452-453)
340 2844 526 2884 -Quum
545 2844 604 2881 his
619 2845 875 2881 barbarorum
895 2846 1079 2881 incursio-

128 2893 243 2931 nibus
264 2895 550 2933 ccelesiasticae
574 2897 629 2934 rei
652 2899 691 2934 et
708 2898 935 2946 disciplinae
951 2897 1079 2935 clades

131 2957 205 2982 non
238 2949 414 2984 modicae
445 2953 573 2987 essent
593 2950 742 2997 illatae,
762 2950 944 2999 episcopi,
970 2953 1012 2987 ut
1032 2950 1078 2988 iis

164 3060 172 3080 ¹
192 3063 297 3100 prosp.
323 3062 460 3099 Chron.;
485 3064 612 3101 Gra-gor.
636 3066 758 3102 Toron,
778 3064 853 3096 [list.
872 3064 985 3097 Franc.
1003 3066 1021 3096 1.
1040 3066 1074 3104 Η,

122 3111 147 3132 c.
165 3102 183 3130 G
200 3106 227 3131 vl
244 3104 276 3139 !J;
296 3104 415 3133 lor-«lan.
432 3103 474 3133 ln»
490 3104 589 3134 rebus
605 3105 734 3142 Creteis,
748 3116 772 3136 c.
791 3106 846 3136 :32-
856 3106 897 3137 12).

161 3141 296 3181 ⁹1>r0sp
318 3144 452 3178 Clzron.;
478 3146 598 3183 Evagr„
625 3146 706 3177 [list.
731 3147 807 3178 eccl.
830 3148 847 3178 l.
867 3148 902 3187 ΙΙ,
919 3158 944 3179 c.
959 3147 986 3186 7;
1004 3149 1074 3179 Pro-

121 3192 202 3223 cop.,
219 3183 261 3216 De
278 3183 358 3215 bello
383 3184 514 3217 l'undul.
533 3187 549 3216 l.
569 3188 589 3217 l.

628 144 788 172 EPOCHA
816 144 874 170 111.
902 144 931 171 A
957 141 1236 170 CONVERSIONE
1263 142 1532 169 CONSTANTIM
1557 143 1600 170 M.

1157 206 1411 244 mederentur
1425 234 1435 252 ,
1465 217 1583 254 quam
1604 205 1774 254 primum
1798 205 1923 252 licuit,
1943 206 2112 255 synodos

1163 261 1387 307 coegerunt.
1422 258 1573 295 Extant
1598 258 1639 294 in
1658 259 1759 296 hanc
1777 270 1861 296 rem
1877 270 2043 296 canones
2062 258 2115 297 56

1156 311 1295 359 synodi
1309 311 1554 351 Arelatensis
1571 310 1624 356 II,
1635 322 1696 348 an.
1709 311 1788 349 452
1803 312 2037 358 celebratae,
2049 311 2116 360 qui

1158 363 1400 411 potissimum
1424 363 1595 401 extracti
1622 369 1714 400 sunt
1734 375 1755 400 e
1775 364 1949 401 conciliis
1968 364 2115 401 Nicae-

1158 428 1207 452 no
1238 419 1278 453 et
1305 417 1553 462 Arelatensi,
1583 418 1623 452 et
1652 427 1818 453 canones
1851 417 1898 454 12
1925 417 2114 465 Andega-

1155 469 1286 506 vensis
1301 469 1453 518 synodi,
1475 480 1593 517 quam
1613 480 1676 506 an.
1698 469 1776 506 453
1796 468 2011 507 celebravit
2030 470 2112 507 Leo

1155 521 1246 558 Bitu
1254 521 1413 559 ricensis
1427 521 1453 560 ¹.

1207 574 1274 611 96.
1300 575 1515 612 Conversio
1537 574 1819 612 Hibernorum
1832 585 1913 623 per
1927 587 1958 612 s.
1975 575 2114 614 Patri-

1151 627 1263 664 cium
1281 648 1331 654 —
1346 628 1618 665 Romanorum
1648 628 1811 676 imperio
1841 627 1879 663 in
1900 627 2110 666 Occidente

1151 680 1198 715 ad
1210 679 1328 716 finem
1347 683 1595 728 properante,
1610 680 1701 717 novi
1720 679 1851 729 populi
1868 691 1990 728 regno
2001 680 2110 718 Chri-

1149 731 1199 768 sti
1219 733 1322 769 idest
1338 733 1540 771 Ecclesiae
1562 733 1897 782 adgregabantur.
1910 733 1954 769 In
1974 733 2110 770 Hiber·

1149 783 1215 821 nia
1235 785 1442 833 Evangelii
1459 786 1698 834 praedicatio
1715 786 1938 823 uberrimos
1953 784 2109 824 fructus

1147 837 1252 875 tulit.
1284 838 1458 876 Insulam
1481 839 1598 876 istam
1621 839 1872 888 occupabant
1893 838 2013 883 Scoti,
2033 838 2107 876 ho-

1148 889 1272 928 mines
1293 892 1502 928 admodum
1523 891 1605 928 feri.
1622 892 1704 928 Iam
1723 904 1745 928 a
1764 890 1932 939 longiori
1952 893 2108 940 tempo-

1144 953 1188 979 re
1223 943 1355 992 aliqua
1390 944 1627 981 christianae
1660 944 1879 992 Religionis
1907 944 2056 982 semina
2085 957 2108 982 e

1144 995 1272 1033 vicina
1306 997 1512 1034 Britannia
1542 999 1582 1034 et
1613 997 1743 1034 Gallia
1761 997 1866 1034 inter
1885 1008 1951 1034 eos
1970 1008 2108 1045 sparsa

1143 1047 1311 1086 fuerant.
1346 1051 1459 1087 Anno
1481 1050 1556 1086 431
1579 1049 1831 1087 Caelestinus
1860 1049 1932 1097 Pp.
1962 1050 2010 1086 ad
2039 1061 2106 1087 eos

1144 1101 1366 1150 episcopum
1388 1106 1426 1140 et
1446 1102 1655 1150 Evangelii
1675 1114 1910 1151 praeconem
1938 1103 2106 1151 ablega-

1143 1153 1202 1190 vit
1222 1166 1252 1191 s.
1276 1155 1514 1201 Palladium,
1534 1158 1651 1192 antea
1683 1157 1887 1193 Romanae
1916 1155 2104 1193 ecclesiae

1143 1206 1362 1245 diaconum.
1398 1209 1473 1245 Hic
1501 1208 1625 1256 primo
1659 1208 1699 1245 in
1734 1208 1926 1245 Hibernia
1960 1208 2101 1246 deinde

1143 1260 1270 1297 Scotis
1299 1261 1362 1309 qui
1397 1273 1447 1298 ex
1468 1273 1515 1298 ea
1534 1261 1572 1298 in
1593 1261 1840 1298 Britanniam
1861 1261 2103 1309 septentrio-

1142 1312 1271 1349 nalem
1288 1342 1298 1359 ,
1337 1314 1568 1351 hodiernam
1610 1314 1780 1351 Scotiam
1798 1343 1808 1359 ,
1841 1313 2101 1361 transierant,

1143 1366 1403 1414 Evangelium
1424 1367 1669 1416 praedicavit
1681 1365 1706 1404 2.
1726 1367 1845 1403 Brevi
1867 1368 1955 1415 post
1970 1366 2011 1403 in
2025 1367 2102 1404 Hi-

1142 1418 1316 1456 berniam
1336 1420 1447 1456 venit
1467 1431 1495 1456 s.
1519 1419 1729 1457 Patricius.
1743 1420 1817 1456 Hic
1838 1419 1878 1456 in
1893 1419 2100 1458 Britannia

1139 1472 1436 1519 septentrionali
1463 1473 1569 1509 haud
1592 1472 1726 1520 procul
1746 1484 1769 1510 a
1789 1472 1960 1509 Glascua
1981 1475 2098 1510 natus

1142 1535 1200 1560 an.
1218 1525 1308 1570 377,
1318 1525 1444 1562 adhuc
1461 1526 1614 1562 iuvenis
1629 1537 1652 1562 a
1666 1525 1804 1574 piratis
1819 1525 1858 1562 in
1870 1525 2100 1563 Hiberniam

1140 1578 1335 1614 abductus
1353 1582 1423 1615 est.
1450 1578 1546 1616 Post
1567 1578 1698 1626 plures
1719 1590 1840 1615 annos
1861 1591 1881 1615 e
1898 1578 2103 1626 captivita-

1137 1631 1176 1666 te
1205 1629 1415 1676 liberatus,
1452 1631 1489 1667 in
1521 1631 1692 1669 Galliam
1724 1634 1763 1668 et
1793 1631 1948 1669 Italiam
1977 1631 2098 1670 venit.

1140 1683 1356 1731 Progressu
1386 1684 1571 1732 temporis
1600 1685 1808 1733 presbyter
1836 1687 1877 1721 et
1896 1685 2056 1723 tandem
2077 1697 2101 1722 a

1138 1735 1358 1773 Caelestino
1391 1737 1487 1784 Pp.,
1518 1738 1585 1786 qui
1615 1749 1705 1774 eum
1725 1737 2002 1774 convertendis
2022 1737 2109 1774 Hi-.

1139 1788 1269 1826 bernis
1297 1801 1392 1838 prae
1423 1790 1590 1827 caeteris
1613 1793 1748 1838 aptum
1770 1790 1992 1836 iudicabat,
2011 1790 2098 1839 epi-

1138 1853 1276 1890 scopus
1307 1854 1374 1891 pro
1404 1842 1544 1879 iisdem
1573 1843 1778 1880 ordinatus
1807 1846 1878 1880 est.
1899 1843 2098 1893 Patricius

1137 1894 1419 1932 demandatum
1447 1895 1518 1932 sibi
1550 1907 1690 1933 munus
1721 1895 1873 1932 ardenti
1893 1895 2097 1945 religionis

1136 1948 1216 1984 zelo
1237 1950 1278 1984 et
1298 1949 1361 1997 pia
1381 1948 1420 1984 in
1438 1948 1563 1985 Deum
1581 1948 1725 1985 fiducia
1742 1960 1952 1997 aggressus
1973 1951 2045 1995 est,
2057 1952 2098 1986 et

1137 2001 1412 2038 exhortatione
1441 2001 1658 2046 indefessa,
1689 2001 1824 2038 labore
1852 2001 2027 2050 improbo
2057 2004 2098 2039 et

1136 2053 1335 2102 prodigiis,
1365 2055 1524 2091 tandem
1545 2055 1671 2103 gentis
1700 2053 1899 2099 ferociam,
1928 2065 2094 2103 magna-

1134 2109 1218 2142 tum
1257 2107 1520 2144 resistentiam
1559 2110 1598 2145 et
1628 2106 1943 2144 sacrificulorum
1972 2107 2093 2145 mali-

1133 2159 1327 2206 gnitatem
1359 2160 1526 2206 devicit,
1557 2162 1597 2197 et
1618 2161 1841 2197 universam
1863 2171 1961 2208 pene
1981 2160 2093 2197 insu-

1133 2211 1211 2248 lam
1254 2213 1304 2249 ad
1346 2212 1607 2250 christianam
1629 2212 1858 2261 religionem
1892 2212 2091 2261 perduxit.

1133 2264 1259 2305 Quam
1287 2267 1330 2302 ut
1350 2265 1542 2311 firmaret,
1563 2265 1807 2314 episcopatus
1827 2265 1968 2311 erexit,
1987 2266 2094 2303 inter

1131 2329 1228 2365 quos
1273 2319 1538 2356 Armacanum
1568 2319 1798 2366 primarium
1828 2318 1911 2366 ipse
1944 2318 2092 2367 gessit,

1133 2371 1380 2420 presbyteros
1403 2371 1577 2420 aliosque
1598 2371 1760 2408 clericos
1780 2371 1992 2417 ordinavit,
2004 2383 2092 2409 mo-

1131 2424 1303 2461 nasteria
1342 2424 1519 2461 virorum
1558 2426 1597 2461 et
1626 2423 1864 2461 feminarum
1894 2423 2089 2462 fundavit.

1129 2476 1343 2524 Postquam
1374 2477 1489 2514 annis
1509 2477 1668 2514 circiter
1687 2478 1738 2515 30
1758 2477 1862 2514 inter
1881 2477 2088 2515 continuos

1129 2528 1282 2566 labores
1303 2532 1343 2567 et
1363 2529 1504 2567 itinera
1529 2529 1754 2579 apostoliea,
1771 2530 1874 2567 inter
1894 2530 2088 2568 maximas

1127 2582 1328 2620 molestias
1358 2585 1397 2620 et
1427 2583 1531 2620 vitae
1556 2583 1741 2631 pericula,
1763 2583 1950 2632 pietatem
1970 2581 2086 2632 plan-

1128 2636 1251 2672 tasset
1273 2647 1480 2683 moresque
1513 2635 1771 2682 correxisset,
1792 2635 1969 2673 laborum
1991 2647 2086 2673 suo-

1127 2697 1212 2723 rum
1237 2689 1411 2736 praemia
1432 2690 1596 2726 aeterna
1615 2692 1849 2726 consecutus
1865 2691 1934 2734 est,
1948 2688 2084 2725 Hiber—

1125 2751 1259 2776 norum
1278 2741 1475 2789 apostolus
1491 2741 1572 2779 iure
1595 2741 1809 2789 meritoque
1826 2740 2044 2790 appellatus
2055 2740 2083 2779 ³.

1179 2792 1217 2828 S.
1243 2794 1468 2831 istum-inus
1492 2795 1703 2844 apostolus
1725 2794 2083 2831 Noricorum—In

1123 2844 1284 2892 antiquo
1305 2846 1462 2891 Norico,
1488 2848 1589 2895 quod
1611 2847 1846 2884 hodiernam
1866 2845 2084 2894 Austriam,

1122 2896 1304 2943 Stiriain,
1328 2899 1572 2938 Gai-inthiam
1605 2902 1645 2936 et
1674 2898 1885 2937 Bavariam
1907 2899 2083 2948 comple-

1162 3025 1169 3045 ¹
1189 3026 1300 3063 habim,
1322 3026 1439 3058 Concil.
1458 3032 1476 3059 t.
1495 3028 1543 3066 lV,
1560 3038 1587 3068 p.
1608 3027 1687 3059 1010
1702 3030 1731 3058 et
1751 3025 1838 3058 1020.

1159 3066 1172 3086 '²
1189 3067 1292 3097 mser.
1309 3070 1469 3107 Atlceqzcit.
1482 3070 1559 3101 eccl.
1573 3070 1734 3105 Brilann.;
1748 3068 1931 3106 Tillemont,
1948 3067 2080 3102 Me'mm'·

1116 3116 1180 3144 rex,
1199 3111 1217 3137 l.
1244 3109 1317 3144 XVl;
1339 3110 1476 3141 Bollantl.
1492 3111 1574 3142 Αεια
1592 3110 1648 3141 SS⁴
1667 3110 1685 3141 6
1701 3110 1750 3140 iul.

1118 3148 1290 3220 mgrllsser.
1306 3154 1335 3180 et
1352 3151 1529 3190 'l'illcmont‚
1546 3152 1602 3183 loc.
1620 3151 1688 3190 cit.;
1704 3149 1943 3183 Bolland.·Acta
1960 3150 2020 3184 SS.
2037 3150 2077 3184 17
