2241 3473
280 160 357 203 384

570 178 733 205 EPOCHA
755 178 842 206 x111.
869 181 896 206 A
916 179 1100 207 PVBLICA
1120 179 1268 207 RERVM
1290 181 1334 208 IN
1356 181 1526 210 GALLHS
1545 185 1832 214 SVBVERSIONE

224 256 294 282 nes
320 247 499 283 catholici
527 248 632 285 orbis
658 248 873 297 Episcopos
899 251 1011 287 datas
1037 250 1098 287 die
1128 251 1172 287 15
1223 250 1334 296 tifex,
1359 264 1524 300 quarum
1550 265 1630 290 una
1655 254 1715 291 die
1742 255 1765 291 4
1791 255 1887 293 iunii
1914 257 2025 302 1871,
2052 258 2174 296 Bene-

223 301 315 336 maii
344 301 446 343 1871,
475 305 513 337 et
538 314 637 349 quae
665 303 874 350 incipiunt:
908 304 983 340 Ubi
1009 316 1078 340 nos
1105 317 1170 340 ar·
1212 305 1318 352 ficia
1336 305 1550 350 Dei,actus
1569 308 1628 344 sui
1649 308 1904 347 Pontificatus
1918 323 2173 358 enumerans,

222 365 322 390 cano
349 354 424 390 Dei
450 355 629 391 consilio.
657 356 698 392 In
726 357 786 393 his
812 359 914 394 enim
941 358 1171 395 solemniter

221 406 473 451 declarabat,
502 420 545 444 se
573 422 591 443 <c
610 421 687 445 non
715 411 829 446 modo
861 423 928 448 eas
954 423 1052 459 quae
1081 423 1172 448 cau-

221 459 345 496 tiones
361 462 611 508 appellantur
629 475 805 511 quaeque
829 466 1017 502 Gubernii
1044 466 1169 502 subal—

220 513 298 559 pini
325 515 428 550 curis
456 527 664 562 perperam
693 529 810 554 cusae
839 524 943 563 sunt,
972 519 1060 564 sed,
1089 520 1166 567 qui-

219 578 382 614 cumque
427 569 584 606 tandem
624 571 728 615 sint,
771 572 930 615 titulos,
970 573 1166 617 honores,

219 619 485 659 immunitates
513 628 553 659 et
581 625 788 672 privilegia
814 631 855 662 et
873 626 1057 674 quidquid
1079 639 1167 663 cau-

217 673 360 710 tionem
377 686 445 712 seu
459 677 709 724 9uarentiyie
725 680 881 716 nomine
897 680 1044 724 veniat,
1062 682 1165 717 nullo

217 728 329 764 modo
361 730 496 768 valere
532 742 646 779 posse
674 732 722 768 ad
755 733 1018 771 adserendum
1047 748 1165 784 expe-

216 781 335 817 ditum
365 784 608 833 liberumque
635 798 748 822 usum
775 787 961 825 divinitus
980 788 1066 825 Sibi
1089 796 1164 826 tra-

217 835 319 873 ditae
341 839 546 885 potestatis
565 844 606 876 et
624 841 670 875 ad
691 841 875 878 tuendam
894 844 1164 880 necessariam

215 890 416 928 Ecclesiae
452 893 673 930 libertatem
710 908 743 929 ».
772 896 826 932 Ut
860 897 1088 943 plenissima
1123 899 1166 933 li-

215 943 369 981 bertate
385 951 619 992 potestatem
637 948 855 986 huiusmodi
872 962 1063 988 exercere
1080 963 1164 999 pos-

214 997 263 1033 sit
288 999 435 1036 Christi
463 1000 499 1035 in
523 1004 631 1037 terra
651 1003 770 1039 Vices
789 1015 946 1050 gerens,
969 1018 987 1039 <t
1007 1006 1163 1043 civilem

213 1052 254 1086 S.
290 1051 400 1088 Sedis
435 1053 734 1102 Principatum‚
769 1057 1054 1104 subiungebat,
1086 1060 1159 1096 Ro-

213 1116 328 1140 mano
349 1106 530 1144 Pontifici
549 1109 666 1146 fuisse
683 1110 876 1157 singulari
892 1112 1047 1150 divinae
1069 1114 1164 1151 Pro-

213 1158 410 1197 videntiae
437 1162 597 1198 consilio
625 1163 784 1208 datum,
813 1166 999 1214 illumque
1027 1180 1161 1205 neces-

211 1223 360 1250 sarmm
388 1227 475 1253 esse
501 1231 535 1252 ».

260 1269 316 1305 79.
345 1273 414 1309 Pla·
446 1276 521 1324 Pp.
563 1276 632 1313 IX
663 1276 887 1314 [ubilamma
922 1278 1165 1327 Porztzficale

211 1340 289 1378 (cm.
322 1332 421 1378 1871)
444 1357 480 1361 —-
501 1336 631 1377 Quum
660 1335 721 1372 die
750 1336 793 1372 16
820 1334 913 1371 iunii
944 1335 1032 1372 1871
1062 1346 1163 1371 novo

212 1394 299 1434 post
325 1390 371 1424 D.
401 1390 564 1427 Petrum
590 1394 733 1427 eventu
760 1394 799 1426 et
830 1390 868 1425 in
894 1390 1162 1426 Romanorum

211 1443 452 1481 Pontificum
468 1445 572 1482 serie
593 1456 755 1493 prorsus
775 1444 960 1481 inusitato
980 1443 1072 1480 Pius
1091 1444 1161 1492 Pp.

211 1498 264 1534 IX
291 1502 444 1535 sextum
474 1506 513 1536 et
539 1500 775 1548 vigesimum
795 1498 994 1545 attigisset
1017 1509 1163 1534 annum

210 1552 423 1600 Apostoliei
454 1554 661 1590 ministerii
682 1553 721 1589 in
748 1554 930 1589 Romana
948 1552 1161 1595 Cathedra,

210 1606 425 1644 catholicus
452 1608 556 1644 orbis
583 1608 657 1644 hoc
685 1608 824 1655 papale
853 1607 1067 1643 lubilaeurn
1095 1606 1163 1643 mi—

211 1661 321 1697 rifica
348 1662 599 1699 solemnitate
627 1662 831 1699 celebrare
864 1661 999 1697 voluit.
1034 1661 1164 1697 Roma

210 1720 341 1752 autern
377 1717 647 1763 spectaculum
685 1715 960 1752 admirandum
996 1726 1090 1761 prae
1120 1727 1161 1752 se

210 1768 362 1805 ferebat
388 1770 594 1806 multitudo
620 1770 793 1806 fidelium
823 1769 952 1816 capite
983 1779 1105 1815 prono
1124 1769 1160 1804 in

210 1826 359 1859 terram
387 1825 424 1859 in
453 1825 555 1870 grati
586 1824 705 1860 animi
731 1835 847 1860 sensu
867 1834 914 1858 ac
941 1822 1161 1859 devotionis

210 1877 444 1914 coadunata.
479 1879 725 1916 Christianus
756 1878 863 1913 orbis
897 1877 1087 1913 Romanis
1120 1890 1160 1914 se

209 1931 398 1975 adiunxit,
416 1936 456 1968 et
489 1933 595 1968 solus
622 1934 725 1968 Deus
753 1931 933 1978 agnoscit
951 1942 1158 1966 numerum

210 1984 395 2028 fidelium,
416 1987 478 2033 qui
506 1998 622 2022 sacra
650 1986 797 2034 Synaxi
826 1986 891 2021 illa
916 1985 976 2020 die
1008 1996 1076 2032 pro
1097 1996 1159 2020 ca-

211 2038 316 2084 ptivo
345 2039 534 2077 Pontifi‹:e
563 2041 699 2076 refecti
719 2044 819 2076 sunt.
843 2041 1054 2075 Innumera
1073 2050 1160 2085 gra—

210 2093 407 2129 tulationis
446 2094 775 2141 tlzclegyrccmmctta
814 2094 862 2129 ab
889 2093 1067 2128 omnibus
1103 2105 1162 2129 re—

209 2147 388 2191 gionibus
415 2147 463 2183 ad
490 2148 726 2184 Vaticanam
747 2147 998 2183 pontificiam
1026 2146 1158 2183 sedem

209 2200 360 2237 directa
394 2202 523 2245 fuere,
552 2214 652 2250 quae
682 2203 784 2239 inter
812 2202 938 2248 prima
965 2200 1056 2236 illud
1085 2203 1162 2236 An-

209 2256 313 2302 gliae
344 2257 519 2303 reginae,
539 2257 787 2304 omniumque
807 2256 891 2291 fere
916 2266 1156 2290 summorum

209 2309 504 2357 Imperantium.
533 2312 593 2347 Ab
619 2312 799 2346 omnibus
833 2309 939 2345 orbis
985 2309 1160 2355 partibus

210 2364 377 2401 Romam
405 2370 602 2402 venerunt
621 2366 766 2412 absque
787 2375 952 2399 numero
975 2363 1159 2409 delegati,

209 2420 256 2455 ab
283 2422 470 2458 America
496 2432 632 2468 usque,
660 2424 699 2456 et
725 2419 882 2461 200‚000
915 2417 1158 2453 advenarum

209 2475 245 2510 in
273 2476 381 2512 Urbe
401 2476 475 2512 hac
493 2476 743 2512 solemnitate
763 2472 936 2515 attracti,
964 2472 1159 2508 numerati

209 2535 310 2565 sunt.
325 2531 372 2565 Hi
389 2530 560 2577 delegati
578 2529 757 2565 Pontifici
774 2527 994 2563 attulerunt
1013 2526 1159 2562 mensis

208 2584 332 2629 spatio
357 2584 495 2632 stipem
521 2584 759 2620 Petrianam
781 2609 788 2621 ‚
819 2585 859 2618 et
887 2580 1063 2627 iugentia
1096 2591 1160 2615 vo-

212 2638 358 2674 lumina
379 2639 596 2676 innumeris
623 2637 840 2674 nominibus
872 2635 1044 2671 fidelium
1074 2645 1159 2670 coo-

210 2697 348 2738 per-tal.
363 2694 466 2731 Duas
482 2694 680 2741 Epistolas
691 2690 923 2739 Encyclicas
941 2688 1045 2724 dedit
1061 2688 1157 2724 Pon-

255 2789 263 2809 ¹
293 2790 337 2821 En
366 2790 526 2831 quomodo
553 2788 680 2820 sodales
709 2785 868 2818 pontificii
909 2780 1158 2823 antiquitatibus

207 2836 410 2878 explicandis
429 2836 553 2868 animos
573 2844 648 2867 suos
668 2833 721 2865 l’io
740 2833 780 2865 ix
802 2828 1040 2873 significabant:
1060 2839 1071 2854 u
1088 2827 1159 2859 Sal-

210 2892 246 2914 vo
273 2882 326 2923 qui
354 2882 439 2914 Petri
468 2891 570 2913 annos
589 2900 619 2903 ---
636 2884 710 2921 post
735 2879 808 2911 xix
824 2876 957 2910 saecula
993 2882 1078 2923 ¹¹¹l¹¹.⁵
1105 2882 1157 2923 ae-

207 2929 314 2970 quasti
336 2946 375 2951 —
391 2927 540 2959 silvestri
560 2925 709 2958 Hadriani
737 2925 909 2966 utriusque
935 2921 982 2953 Pii
1004 2923 1156 2949 1161311-

210 2975 261 3006 rie
288 2975 383 3006 Pater
409 2978 439 3004 ct
467 2975 622 3014 Princeps
639 2971 776 3004 -tutela
803 2978 956 3011 praesens
987 2968 1153 2998 nomae«

210 3020 482 3053 tibi—Ecclesiae
508 3027 615 3062 paceni
643 3026 724 3060 quae
741 3015 903 3049 Silvestre
923 3013 1154 3060 obtigit—*cum

211 3066 346 3108 irnperio
362 3066 561 3098 concordiam
582 3074 663 3107 quar
681 3063 840 3095 Hadriano
861 3081 879 3084 »γ
891 3061 1159 3110 ρορυ1ο311111111-

210 3113 273 3153 pho
300 3117 431 3143 ovantes·
460 3115 494 3143 ut
520 3111 616 3143 alteri
643 3110 697 3142 Pio
715 3127 751 3132 —
769 3108 923 3140 historiae
951 3107 1074 3138 monitu
1101 3111 1157 3133 au-

211 3158 540 3196 eiirantiir—sorvirla
568 3167 582 3187 a
603 3157 666 3188 Deo
694 3163 786 3197 prece
809 3157 1013 3195 expetunt--
1029 3147 1159 3182 sodales

211 3203 368 3236 pontificii
387 3201 642 3245 Antiquitatibus
670 3196 1068 3241 explicandis-maximis
1093 3202 1110 3226 a
1130 3197 1157 3224 le

209 3249 371 3281 beneficiis·
398 3249 556 3280 cumulati
578 3246 803 3278 *sanctitati
832 3245 1054 3286 Maiestatiqnc
1083 3243 1161 3271 tuac

212 3295 446 3326 dovoti-XV!
476 3295 548 3326 Kal.
578 3294 638 3324 1111.
669 3290 902 3324 tiiJCCchxi
927 3305 958 3320 n.

1222 363 1365 395 statum
1383 361 1492 397 urbis
1501 361 1652 398 Romae
1670 363 1803 404 flebat:
1816 375 1884 400 3110
1902 365 2070 401 iubilaeo
2085 377 2173 413 gra-

1221 413 1441 457 tulabatur,
1468 419 1508 451 et
1535 416 1752 462 plenariam
1779 417 2064 464 Indulgentiam
2093 430 2172 456 om-

1224 466 1334 502 nibus
1359 467 1537 504 fidelibus
1565 469 1820 506 concedebat.
1847 471 1888 506 In
1917 471 2009 515 alia,
2044 472 2171 521 Saepe

1224 519 1577 565 Venerabiles,diei
1596 524 1618 559 5
1637 523 1792 570 augusti
1813 524 2074 570 1871‚gratias
2091 526 2175 562 Deo

1220 574 1364 620 agebat
1397 587 1466 621 pro
1502 576 1721 613 devotionis
1756 589 1872 613 sensu
1907 578 1956 613 ab
1988 580 2172 616 universo

1219 628 1314 663 orbe
1340 640 1438 675 erga
1459 631 1559 666 Eum
1579 631 1617 665 in
1638 631 1736 666 festo
1755 631 1813 667 sui
1831 631 1992 668 iubilaei
2018 633 2175 679 pontifi-

1220 681 1317 717 calis
1344 687 1515 719 ostenso.

1267 736 1464 772 Interdum
1484 738 1634 775 Romae
1655 739 1821 775 Senator
1849 739 2030 775 Marchio
2049 740 2172 776 Fran-

1219 790 1344 826 ciscus
1371 791 1607 837 CavallettI,
1641 804 1802 840 praeses
1828 794 2015 830 nobilium
2050 795 2170 831 socie-

1219 844 1310 879 tatis
1337 848 1375 880 et
1395 846 1665 891 praelatorum
1681 847 1927 883 diversarum
1946 849 2166 894 nationum,

1221 909 1291 943 pro
1319 897 1380 934 die
1409 899 1454 935 ‘29
1480 899 1572 935 iunii
1601 900 1707 943 1872,
1734 911 1897 937 auream
1925 901 2172 938 Cathedr'am

1221 951 1282 987 vel
1317 952 1500 988 thronum
1540 953 1611 989 Pio
1653 954 1707 989 IX
1742 955 1887 991 afferre
1925 954 2170 1002 disponebat,

1219 1005 1374 1040 titulum
1414 1005 1563 1054 ilduyni
1601 1007 1784 1044 Pontifici
1811 1008 1928 1044 etiam
1969 1009 2174 1057 assignan-

1219 1058 1280 1093 do.
1303 1059 1381 1095 Sed
1400 1071 1577 1097 summus
1595 1060 1780 1098 Pontifex
1799 1062 2059 1108 magnitudini
2077 1063 2173 1100 Gre-

1217 1112 1319 1158 gorii
1360 1113 1451 1157 VII,
1493 1114 1698 1151 ardentem
1735 1116 1819 1151 Iulii
1845 1117 1875 1152 11
1903 1116 2075 1152 animum
2094 1145 2102 1159 ,
2129 1117 2171 1152 fi-

1219 1166 1375 1203 duciam
1398 1168 1486 1204 iusti
1502 1169 1720 1206 Clementis
1733 1170 1825 1206 XIV
1857 1175 1897 1207 et
1922 1175 2170 1208 mansuetam

1218 1220 1487 1259 fortitudinem
1515 1223 1575 1259 Pii
1605 1224 1672 1260 Vll
1700 1225 1984 1272 copulabatur,
2018 1225 2172 1272 postha-

1219 1276 1306 1312 bitis
1325 1279 1574 1315 contumeliis
1601 1283 1641 1316 et
1671 1279 1835 1322 iniuriis,
1856 1290 1931 1327 qua
1946 1280 2096 1316 saeculi
2113 1292 2173 1317 se-

1218 1335 1393 1370 ctatores
1403 1334 1477 1370 hac
1489 1337 1654 1381 arrepta
1664 1333 1871 1370 occasione
1887 1334 1924 1369 in
1938 1334 2168 1371 Pontificem

1219 1385 1383 1424 iniicere
1411 1400 1487 1424 non
1516 1388 1778 1430 erubuerunt,
1820 1399 1890 1434 pei·
1916 1387 2069 1424 litteras
2094 1387 2170 1425 diei

1217 1439 1239 1478 8
1264 1443 1421 1488 augusti
1450 1443 1538 1480 1871
1560 1442 1672 1478 datas
1693 1441 1876 1478 thronum
1905 1442 2111 1479 materiale
2130 1443 2167 1478 in

1219 1495 1390 1532 morales
1417 1497 1622 1533 Ecclesiae
1647 1497 1850 1532 columnas
1873 1495 2088 1543 erIgendas
2114 1497 2172 1532 in-

1216 1554 1376 1586 vertere
1396 1551 1657 1598 proposuit,in
1676 1550 1887 1587 liberandis
1903 1562 2044 1597 nempe
2060 1561 2084 1586 a
2102 1551 2170 1586 mi-

1216 1603 1319 1639 litari
1346 1604 1501 1642 delectu
1524 1605 1688 1641 iuvenes
1707 1605 1889 1641 clericos.
1908 1604 2054 1641 Christi
2074 1615 2169 1640 vero

1216 1658 1497 1695 admonitionis
1529 1671 1697 1702 memor,
1724 1658 1825 1706 quod
1852 1658 1958 1694 solus
1986 1658 2091 1695 Deus
2109 1662 2169 1695 est

1215 1711 1348 1751 bonus,
1378 1714 1445 1749 uni
1473 1714 1555 1750 Deo
1582 1725 1724 1749 nomen
1755 1712 1904 1758 Magyni
1930 1716 2163 1760 competere

1215 1766 1451 1811 affirmabat,
1480 1773 1519 1804 et
1545 1768 1618 1803 hoc
1646 1767 1798 1803 titulum
1826 1765 2060 1803 declinabat.

1261 1820 1319 1857 80.
1334 1820 1716 1858 Veteres-Catholici
1731 1821 1960 1858 -Universi
1972 1821 2090 1857 totius
2107 1832 2168 1856 or-

1216 1873 1270 1910 bis
1299 1875 1481 1911 catholici
1503 1876 1728 1919 Praesules,
1748 1876 1870 1912 etiam
1902 1875 1953 1911 illi
1988 1875 2052 1922 qui
2074 1879 2166 1912 ante

1212 1928 1362 1975 opinati
1400 1929 1585 1973 fuerant,
1614 1930 1835 1966 doctrinam
1877 1929 2167 1965 infallibilitatis

1214 1983 1387 2019 Romani
1420 1983 1622 2020 Pontifieis
1654 1995 1704 2020 ex
1729 1983 1929 2020 Cathedra
1957 1983 2166 2031 loquentis,

1214 2035 1317 2072 haud
1344 2038 1604 2084 opportunius
1625 2037 1888 2074 definiendam
1908 2049 2010 2078 esse,
2033 2037 2086 2073 uti
2108 2049 2166 2074 re-

1213 2091 1317 2138 liqua
1333 2093 1494 2129 Concilii
1510 2093 1694 2128 Vaticani
1710 2092 1885 2136 decreta,
1905 2102 2060 2128 summa
2077 2103 2164 2128 cum

1213 2146 1441 2182 reverentia
1468 2152 1743 2193 susceperunt.
1783 2146 1860 2182 Sed
1895 2145 2068 2181 nonnulli
2102 2157 2165 2182 sa-

1214 2200 1395 2237 cerdotes
1411 2205 1451 2237 et
1472 2201 1558 2237 laici
1578 2200 1821 2242 Germanici,
1841 2201 1944 2236 inter
1963 2210 2057 2247 quos
2076 2199 2160 2236 Dol-

1215 2252 1357 2300 linger,
1377 2253 2010 2297 Ρ116<111611,1ἶ6113611,8611111603,
2029 2253 2163 2290 Schul-

1216 2311 1267 2350 te,
1304 2309 1340 2344 in
1376 2310 1497 2346 variis
1531 2308 1868 2345 Universitatibus
1902 2307 2160 2355 professores,

1212 2364 1294 2400 fere
1320 2364 1495 2411 primarii
1523 2368 1654 2404 erant,
1683 2363 1909 2398 reiecerunt
1936 2362 2162 2408 praefracte

1211 2423 1251 2454 et
1269 2424 1550 2465 oppugnarunt
1570 2417 1841 2464 magisterium
1860 2415 2063 2452 infallibile
2081 2419 2164 2452 turn

1212 2473 1380 2508 Romani
1419 2471 1642 2514 pontificis,
1689 2478 1768 2506 tum
1801 2469 1921 2506 totius
1955 2469 2160 2506 Ecclesiae

1210 2527 1401 2570 docentis;
1430 2525 1591 2561 inficiati
1611 2536 1761 2572 quoque
1782 2527 1874 2561 sunt
1894 2526 1934 2560 et
1961 2527 2159 2571 perverte-

1212 2586 1302 2617 runt
1319 2591 1457 2617 veram
1475 2579 1753 2615 iurisdictionis
1769 2581 2007 2626 potestatem
2026 2577 2065 2612 in
2085 2577 2157 2613 Ro-

1212 2647 1326 2671 mano
1352 2635 1545 2671 Pontisscc
1587 2638 1627 2670 et
1666 2632 1884 2681 Episcopis‚
1912 2642 2079 2679 eamque
2112 2631 2159 2667 ad

1214 2690 1378 2736 plebem,
1400 2701 1482 2733 sen,
1502 2688 1557 2724 uti
1576 2688 1756 2730 aiebant,
1773 2686 1820 2722 ad
1835 2685 2156 2722 communitatem

1211 2745 1506 2781 transtulerunt.
1522 2743 1650 2778 Porro
1667 2742 1858 2778 adversus
1872 2740 2063 2787 Spiritum
2075 2740 2101 2776 S
2113 2764 2121 2772 .
2140 2750 2164 2775 a

1210 2799 1366 2836 Christo
1380 2799 1615 2846 promissum
1631 2795 1895 2839 Ecclesiae‚ut
1914 2794 1950 2830 in
1966 2804 2014 2830 ea
2029 2804 2162 2830 mane-

1212 2857 1273 2888 ret
1303 2853 1339 2888 in
1370 2856 1709 2894 aeternuin,aust1
1741 2848 1958 2885 incredibili
1989 2848 2160 2883 affirma-

1213 2911 1314 2950 runt,
1339 2908 1559 2942 Romanum
1591 2905 1822 2941 Pontificem
1841 2931 1849 2947 ,
1877 2913 1951 2939 nec
1977 2911 2054 2937 non
2080 2901 2160 2936 uni-

1211 2972 1347 2997 versos
1374 2961 1607 3008 Episcopos,
1639 2957 1869 2995 sacerdotes
1907 2959 1947 2991 et
1982 2954 2158 3002 populos,

1212 3015 1361 3051 unitate
1399 3014 1485 3050 fidei
1514 3020 1548 3049 et
1579 3010 1865 3049 communionis
1892 3020 1980 3045 cum
2003 3018 2050 3044 eo
2069 3018 2159 3043 con-

1214 3069 1378 3112 iunctos,
1401 3069 1436 3103 in
1458 3067 1656 3104 baeresim
1686 3064 1890 3107 incidisse,
1919 3073 2034 3110 quum
2068 3060 2159 3097 defi-

1215 3124 1382 3159 nitiones
1409 3121 1653 3159 oecumenici
1680 3119 1845 3157 Concilii
1872 3116 2055 3153 Vaticani
2075 3127 2160 3163 pro-

1212 3177 1303 3212 fessi
1324 3177 1414 3213 sint.
1450 3177 1498 3211 Hi
1528 3175 1615 3211 novi
1645 3172 1834 3210 baeretici
1861 3169 2160 3207 veteres-catho-

1212 3230 1310 3265 licos
1330 3242 1373 3266 se
1400 3230 1664 3277 appellarunt.
1687 3224 1916 3263 Huiusmodi
1937 3223 2102 3259 nominis
2121 3235 2158 3260 a·

1213 3284 1318 3320 busio
1338 3284 1503 3319 ridicula
1524 3283 1637 3331 plane
1657 3282 1775 3323 soret,
1797 3278 1868 3314 uisi
1888 3277 2004 3314 sicuti
2031 3277 2067 3313 in
2087 3289 2160 3315 sua
