2241 3473
753 143 880 175 stvif.
910 143 962 169 Mi
990 139 1155 168 SCHISMA
1184 140 1413 168 OCCIDEN'I'IS

122 217 211 256 dam
239 213 493 263 evangelicae
522 213 823 262 praedicationis
842 212 1064 255 libertatem

123 270 162 308 in
173 268 350 312 Livonia,
366 267 580 305 cruciatam
601 267 890 316 expeditionem
911 277 931 302 e
946 264 1064 302 Saxo-

124 323 188 360 nia
207 320 399 365 evocavit,
421 332 496 369 qua
515 320 651 357 domiti
674 319 841 357 Livones
862 317 1065 367 Evangelii

124 374 320 414 ministros
348 374 645 411 admiseruntet
665 384 803 420 magno
824 383 985 408 numero
1007 372 1066 408 ba-

125 427 307 477 ptismum
329 429 595 475 susceperunt.
612 425 759 463 Verum
785 429 869 474 post
888 424 1066 473 crucige-

122 492 255 519 rorum
284 479 497 517 discessum
527 478 639 516 multi
669 478 764 515 Fide
794 477 972 521 abiecta,
1001 489 1067 514 eos

125 534 190 583 qui
213 533 250 570 in
271 533 338 570 illa
357 536 468 570 erant
489 532 721 576 constantes,
743 530 982 568 cruciatibus
1001 530 1066 567 af-

125 587 305 625 fecerunt
333 591 371 623 et
400 584 662 622 sacerdotibus
683 596 703 621 e
723 584 840 621 torris
859 584 939 621 suis
959 583 1067 620 exire

128 640 200 678 sub
228 651 351 688 poena
381 638 514 675 mortis
547 637 795 674 mandarunt.
818 637 1026 681 Alhertus,
1047 649 1067 673 e

127 693 312 730 canonico
325 690 520 730 Bremensi
533 701 592 727 an.
603 690 700 727 1198
717 694 802 738 post
814 690 1068 727 Bcrtholdum

129 747 328 796 episcopus
358 745 558 787 Livouum,
578 754 639 780 an.
665 743 764 780 1200
786 755 886 780 nova
907 742 1068 791 expedi-

130 800 236 837 tione
265 798 437 835 cruciata
458 796 623 833 Livones
652 796 766 841 vicit3
789 797 836 833 ad
858 795 1069 832 defenden-

131 853 218 889 dam
235 850 449 899 Religionis
469 849 705 886 christianae
726 848 1014 898 professionem,
1032 849 1068 885 in

131 905 229 950 loco,
248 905 312 952 qui
335 903 435 951 Riga
456 902 582 940 dictus
604 904 675 947 cst,
697 902 982 939 Germanorum
1004 914 1072 939 eo-

132 957 276 996 loniam
305 955 492 1001 condidit,
516 966 590 1003 quo
610 961 648 992 et
668 956 796 992 sedem
816 955 1071 1004 episcopalem

134 1009 353 1054 transtulit,
383 1011 422 1045 et
450 1020 510 1045 an.
537 1008 637 1045 1202
657 1009 702 1045 ad
727 1008 958 1057 praestanda
979 1020 1072 1044 eon-

133 1069 196 1101 tra
215 1061 429 1100 infidelium
450 1061 619 1110 impetus
640 1062 801 1099 servitia
819 1061 1006 1098 militaria
1022 1061 1074 1098 in-

134 1116 263 1154 stituit
278 1114 463 1152 Ordinem
485 1118 704 1163 equestrem
722 1114 991 1152 Ensiferorum
1004 1126 1072 1151 seu

134 1169 319 1207 Fratrum
349 1168 509 1205 militiae
539 1167 691 1205 Christi.
722 1168 782 1205 Ex
810 1168 881 1204 hoc
901 1171 1075 1216 tempore

134 1222 303 1260 Livones
338 1220 476 1270 passim
511 1221 724 1258 christiana
757 1232 869 1258 sacra
903 1221 1073 1269 amplexi

134 1277 241 1321 sunt3
263 1285 424 1322 cumque
441 1285 502 1311 an.
516 1274 616 1311 1210
638 1275 814 1323 princeps
834 1273 1077 1311 Poloczensis

136 1340 205 1377 pro
233 1327 404 1373 tributis,
431 1338 531 1375 quae
552 1327 586 1364 ei
608 1327 775 1368 Livones
795 1331 910 1364 antea
931 1327 1077 1375 pende-

136 1382 244 1427 bant,
273 1392 406 1418 eorum
437 1386 585 1417 terram
615 1380 794 1418 cessisset
814 1381 973 1417 Alherto
993 1380 1076 1429 epi-

134 1446 272 1483 scopo,
301 1433 496 1482 religionis
525 1434 764 1471 christianae
793 1433 1008 1471 dominium
1036 1433 1076 1470 in

135 1487 301 1526 Livonia
320 1486 517 1523 firmatum
538 1486 614 1524 fuit
632 1486 656 1524 ¹.
752 1482 754 1485 ’

189 1541 295 1578 Idem
324 1539 508 1577 Albertus
537 1552 668 1577 omnes
693 1551 781 1577 suas
803 1540 905 1577 vires
925 1539 1079 1588 impen-

137 1593 195 1631 dit
231 1594 278 1630 ad
308 1593 589 1629 convertendos
623 1594 785 1630 Estones
800 1623 808 1637 ,
846 1592 949 1629 inter
985 1605 1079 1641 quos

140 1657 228 1683 cum
248 1658 309 1683 an.
329 1646 425 1683 1211
449 1645 738 1694 crucigerorum
767 1657 886 1694 opera
914 1646 1080 1691 vicisset,

140 1698 398 1747 Evangelium
432 1699 734 1746 praedicandum
770 1699 945 1744 curavit,
965 1703 1005 1743 et
1033 1711 1082 1736 ex

140 1763 299 1790 assensu
328 1753 375 1789 R.
406 1752 604 1788 Pontificis
633 1752 937 1797 Theodericum,
958 1753 1081 1789 abba-

139 1809 217 1844 tem
237 1805 552 1842 Cisterciensium
573 1805 976 1848 Dunamundensium,
998 1806 1081 1842 illo-

140 1869 227 1896 rum
247 1858 467 1906 episcopum
489 1857 697 1895 ordinavit.
720 1858 836 1894 Brevi
860 1863 944 1905 post
964 1858 1079 1895 etiam

142 1910 378 1959 Semgallos,
408 1911 474 1958 qui
494 1910 721 1948 orientalem
745 1912 893 1958 partem
914 1911 1082 1949 Curian-

141 1965 225 2002 (liae
244 1964 477 2008 incolebant,
495 1965 540 2000 a'd
560 1964 829 2012 postulandum
847 1965 1081 2012 baptismum

141 2017 318 2062 adduxit,
338 2021 377 2054 et
395 2028 497 2054 anno
519 2017 619 2055 1217
640 2017 896 2062 Bernardum,
917 2018 1081 2054 alterum

143 2071 322 2108 abbatem
344 2070 725 2115 Dunamundensem,
740 2070 974 2118 Seingalliae
998 2071 1084 2118 epi-

142 2135 300 2172 scopum
346 2123 602 2160 consecravit.
638 2125 749 2161 Anno
792 2124 891 2160 1218
924 2124 1084 2161 W'alde-

146 2188 276 2214 marus
297 2177 333 2213 Il
355 2189 424 2214 rex
455 2176 602 2214 Daniae
632 2178 815 2214 adversos
846 2177 1009 2214 rebelles
1031 2177 1084 2213 Ε-

145 2234 274 2267 stones
295 2231 498 2275 evocatus,
529 2242 594 2267 eos
625 2230 735 2275 vicit,
765 2230 812 2267 ad
842 2230 1082 2278 pendendum

145 2283 333 2321 tributum
355 2286 394 2320 et
413 2284 461 2320 ad
477 2283 739 2320 admittendos
757 2283 962 2331 Evangelii
979 2295 1084 2331 prac-

111 2346 115 2349 ·
146 2347 260 2373 eones
280 2336 421 2384 adegit,
445 2336 618 2384 duosque
647 2337 843 2384 episcopos
863 2336 993 2374 Danos
1014 2336 1085 2373 ihi-

146 2389 232 2425 dem
264 2389 491 2435 constituit,
529 2401 647 2427 unum
677 2389 887 2434 Revaliae,
917 2389 1082 2426 alterum

148 2441 364 2479 Wironiae.
391 2442 543 2479 Incolae
565 2454 718 2491 quoque
738 2443 889 2479 insulae
911 2443 1084 2480 Oeseliae

149 2507 172 2532 a
200 2494 411 2542 crucigeris
430 2496 595 2541 subacti,
614 2507 676 2533 an.
703 2495 801 2533 1227
824 2495 992 2543 piraticis
1013 2508 1086 2532 ex-

147 2547 386 2585 cursionibus
413 2548 596 2585 nuncium
625 2550 876 2592 remiserunt,
897 2551 934 2586 et
955 2549 1084 2597 bapti-

147 2612 274 2637 smum
302 2603 419 2648 atque
447 2601 681 2650 episcopum,
710 2614 824 2650 quem
853 2602 1085 2639 Guilielmus

148 2652 394 2702 Apostolicae
424 2653 532 2690 Sedis
551 2654 704 2702 legatus
726 2666 792 2703 pro
813 2655 857 2691 iis
878 2655 1087 2701 ordinavit,

149 2708 416 2755 susceperunt.
437 2707 548 2743 Anno
570 2707 670 2744 1230
690 2708 876 2745 Curlancli
897 2720 966 2745 sua
980 2720 1086 2756 spon-

150 2761 189 2796 te
209 2758 420 2796 christiana
442 2770 553 2796 sacra
573 2760 740 2808 amplexi
761 2763 863 2806 sunt,
877 2773 970 2809 quos
987 2762 1086 2798 idem

151 2812 380 2850 Guilielmus
401 2812 553 2859 legatus
572 2812 710 2861 partim
731 2814 907 2862 episcopo
924 2814 1088 2862 Rigan0‚

152 2865 293 2914 partim
322 2865 498 2913 episcopo
526 2864 760 2913 Semgalliae
780 2871 819 2904 et
838 2867 980 2917 partim
1001 2879 1089 2916 pro-

152 2918 236 2967 prio
256 2919 434 2967 episcopo
456 2917 684 2956 commisit2.

200 3043 211 3064 ¹
229 3042 378 3081 Helmold,
398 3041 514 3073 Chron.
540 3042 678 3080 Sluvor.;
705 3044 737 3075 Η.
762 3044 846 3081 Leni,
874 3044 1022 3084 Oriqines
1039 3045 1090 3076 Li-

157 3084 270 3116 voniae
284 3092 395 3115 sacrae
410 3086 440 3115 el
451 3084 567 3116 civiles.

196 3125 212 3146 ‘2
229 3124 375 3157 chronic.
392 3124 519 3161 Livan.;
531 3126 684 3162 Gebhard,
706 3125 890 3158 Geschichce
903 3126 985 3158 aller
1001 3127 1091 3160 Wen-

159 3165 459 3198 disch-Slavischen
482 3166 638 3206 ,stactem
669 3169 863 3208 Docilinger,
888 3169 1025 3201 Histoire
1054 3170 1091 3201 de

159 3206 302 3248 l'quise‚
317 3217 406 3248 epoq.
424 3209 472 3246 lV,
488 3210 535 3240 ch.
556 3208 581 3239 1.

1893 127 1945 167 63

1162 207 1288 246 Simili
1318 208 1398 246 fere
1428 208 1576 246 rationo
1602 207 1860 245 Borussorum
1880 218 2048 245 conver-

1110 261 1165 298 sio
1186 261 1323 299 effecta
1345 261 1429 299 fuit.
1452 261 1547 299 Erat
1564 262 1823 299 Borussorum
1845 272 1938 307 gens
1954 260 2048 298 fero-

1110 314 1274 352 cissima.
1297 315 1378 352 Iam
1398 315 1468 352 sub
1489 312 1633 352 exitum
1655 313 1798 351 saeculi
1819 314 1857 351 X
1877 326 1906 351 s.
1927 314 2047 352 Adal-

1110 368 1258 413 bertus,
1270 371 1309 405 et
1323 368 1394 405 sub
1411 367 1521 405 initia
1538 367 1679 405 saeculi
1696 367 1895 415 sequentis
1912 379 1941 404 s.
1956 367 2052 404 Bru-

1112 433 1159 457 no
1180 420 1275 458 alias
1295 420 1515 458 Bonifacius
1536 420 1684 458 frustra
1699 420 1776 457 illis
1793 420 2047 469 Evangelium

1113 473 1333 522 praedicare
1353 475 1608 511 tentaverant
1624 473 1648 510 ¹.
1670 473 1833 511 Frustra
1853 473 1971 511 etiam
1988 473 2051 510 du-

1111 538 1173 564 ces
1203 526 1388 563 Poloniae
1417 527 1571 564 saeculo
1600 527 1657 564 XI
1688 530 1727 563 et
1747 527 1922 575 sequenti
1944 526 2050 564 fero-

1112 591 1195 616 cem
1215 583 1382 627 gontcm,
1403 591 1503 628 quae
1526 579 1618 617 fines
1637 590 1769 617 eorum
1787 581 1971 617 continuo
1989 591 2052 617 va-

1112 633 1263 678 stabat,
1283 633 1403 670 armis
1424 633 1580 669 domare
1601 636 1642 670 et
1661 632 1708 670 ad
1729 633 1979 671 christianam
2000 644 2055 670 re-

1112 685 1295 733 ligionem
1326 685 1539 733 perducere
1568 686 1694 722 conati
1722 685 1888 724 fuerant.
1910 685 2053 723 Primis

1113 739 1258 776 saeculi
1287 738 1384 775 XIII
1414 738 1525 775 annis
1554 738 1817 784 Christianus,
1846 740 2055 777 monachus

1115 791 1387 830 Cisterciensis
1408 791 1444 827 iu
1467 791 1713 836 Pomerania,
1730 804 1817 829 cum
1835 792 1984 840 aliquot
1998 803 2055 830 so·

1115 845 1183 882 ciis
1213 845 1386 882 eiusdem
1414 844 1570 882 Ordinis
1596 845 1772 882 Borussis
1795 845 2054 893 Evangelium

1115 897 1354 947 praedicavit
1383 909 1427 934 eo
1448 909 1537 934 cum
1558 909 1750 942 successu,
1774 902 1814 935 ut
1844 898 1955 935 multi
1985 899 2055 935 ba-

1115 951 1299 999 ptismum
1316 950 1573 999 susciperent,
1590 950 1730 998 quibus
1750 963 1810 988 an.
1835 951 1935 989 1215
1956 952 2057 988 idem

1115 1004 1356 1042 Christianus
1386 1015 1408 1041 a
1437 1004 1485 1041 R.
1506 1004 1694 1041 Pontifiee
1715 1004 1913 1053 episcopus
1942 1005 2057 1043 datus

1117 1061 1186 1095 est.
1217 1056 1366 1094 Verum
1388 1057 1501 1105 paulo
1524 1060 1607 1104 post
1625 1057 1782 1094 Borussi
1803 1057 2055 1095 christianam

1118 1110 1365 1159 Religionem
1399 1110 1732 1159 proscripserunt,
1760 1122 1824 1147 eos
1858 1110 1923 1158 qui
1951 1111 2058 1148 illam

1120 1167 1390 1211 susceperant,
1420 1164 1466 1200 ad
1498 1163 1661 1200 eandem
1691 1164 1943 1200 deserendam
1965 1175 2062 1212 sup-

1120 1217 1241 1266 pliciis
1261 1218 1489 1264 eoegerunt,
1511 1216 1728 1265 provincias
1746 1216 1960 1261 Polouicas,
1977 1217 2062 1253 Cul-

1119 1271 1235 1306 miam
1257 1274 1296 1306 et
1315 1269 1531 1307 Masoviam
1562 1269 1643 1306 dire
1674 1272 1941 1316 vastaverunt,
1960 1269 2062 1307 ultra

1118 1323 1196 1360 300
1226 1323 1410 1360 ecelesias
1439 1326 1478 1359 et
1506 1324 1740 1360 monasteria
1769 1323 2058 1360 destruxerunt.

1120 1377 1319 1414 Conradus
1341 1377 1417 1413 dux
1441 1376 1640 1414 Masoviae
1661 1381 1700 1412 et
1720 1376 1964 1413 Christianus
1985 1376 2062 1424 epi-

1120 1441 1260 1478 scopus
1275 1429 1394 1467 armis
1410 1430 1704 1477 crucigerorum
1721 1430 1962 1466 territorium
1979 1429 2064 1467 Cul-

1122 1483 1268 1520 niiense
1299 1487 1606 1531 recuperarunt,
1636 1483 1747 1520 cuius
1777 1484 1926 1531 partem
1946 1482 2061 1520 Chri-

1123 1537 1274 1573 stianus
1303 1536 1504 1584 episeopus
1533 1548 1555 1572 a
1584 1537 1681 1573 duce
1702 1536 1879 1573 Conrado
1900 1536 2060 1584 accepit.

1125 1590 1220 1626 Cum
1242 1592 1369 1626 tamen
1393 1589 1505 1626 ambo
1525 1589 1573 1626 ad
1594 1589 1857 1637 reprimendos
1872 1590 2062 1626 Bornsso-

1127 1654 1212 1679 rum
1241 1643 1410 1690 impetus
1439 1654 1511 1678 non
1542 1642 1773 1689 sufficerent,
1794 1646 2004 1680 evocarunt
2023 1654 2063 1679 e-

1126 1695 1255 1743 quites
1285 1695 1529 1740 Teutonicos,
1558 1697 1652 1732 tunc
1681 1696 1867 1744 temporis
1888 1695 2066 1733 Venetiis

1125 1751 1342 1794 morantes,
1364 1749 1443 1797 qui,
1462 1751 1623 1797 accepto
1644 1750 1690 1786 R.
1709 1748 1911 1786 Pontificis
1931 1750 1970 1786 et
1988 1749 2067 1785 im-

1127 1802 1315 1849 peratoris
1344 1813 1516 1848 assensu,
1547 1814 1608 1839 an.
1633 1801 1733 1839 1230
1757 1802 1907 1839 bellum
1933 1804 2067 1839 contra

1127 1856 1313 1892 Borussos
1333 1857 1584 1902 susceperunt
1608 1867 1655 1892 ea
1674 1855 1891 1892 conditione
1904 1885 1913 1900 ,
1936 1857 1977 1892 ut
1997 1855 2068 1892 sibi

1126 1909 1355 1945 cederentur
1384 1919 1515 1944 omnes
1544 1912 1696 1953 terrae,
1725 1921 1820 1956 quas
1848 1908 2067 1945 infidelibus

1126 1962 1334 2008 eriperent.
1370 1961 1514 2008 Reipsa
1547 1962 1695 2009 equites
1728 1961 1933 1998 Teutonici
1962 1961 2068 1998 aucti

1127 2015 1272 2052 auxilio
1289 2014 1594 2061 crucigerorum,
1612 2015 1674 2063 qui
1694 2026 1714 2050 e
1727 2014 1938 2051 Germania
1953 2018 1992 2051 et
2004 2015 2073 2051 Po-

1129 2069 1231 2105 lonia
1253 2068 1525 2112 accurrebant,
1546 2067 1622 2104 iam
1652 2080 1751 2104 anno
1775 2068 1875 2105 1240
1903 2070 2070 2116 quinque

1127 2121 1333 2158 Borussiae
1364 2120 1582 2169 provincias
1600 2150 1609 2166 ,
1638 2121 1774 2158 deinde
1805 2122 1973 2169 reliquas
2001 2121 2069 2158 sibi

1128 2176 1383 2223 subegerunt.
1396 2174 1456 2211 Ex
1471 2186 1516 2211 eo
1528 2177 1700 2222 tempore
1712 2174 1956 2219 missionarii,
1968 2185 2073 2221 prae-

1127 2229 1262 2264 sertim
1283 2227 1358 2264 FF.
1383 2227 1690 2271 Praedicatores,
1710 2240 1732 2264 a
1755 2228 1840 2264 RR.
1863 2227 2068 2263 Pontifici-

1130 2282 1199 2318 bus
1233 2281 1271 2317 in
1307 2281 1532 2317 Borussiam
1567 2280 1749 2318 destinati
1767 2310 1776 2325 ,
1814 2280 2071 2328 Evangelium

1127 2335 1240 2382 longe
1260 2334 1416 2381 lateque
1433 2333 1510 2369 illic
1532 2334 1857 2382 praedicaverunt
1872 2335 1910 2370 et
1927 2333 2071 2370 incolas

1129 2387 1270 2435 passim
1298 2387 1345 2423 ad
1372 2386 1623 2423 christianam
1644 2387 1759 2423 fidem
1781 2387 2070 2423 converterunt.

1129 2443 1241 2477 Anno
1265 2440 1365 2477 1243
1393 2439 1639 2477 Innocentius
1669 2441 1738 2486 Pp.
1760 2439 1815 2476 1V
1845 2438 2068 2476 Borussiam

1128 2494 1164 2530 in
1179 2494 1201 2530 4
1213 2493 1407 2530 dioeceses
1422 2504 1489 2529 seu
1502 2492 1756 2540 episcopatus,
1774 2492 1951 2528 nimirum
1964 2491 2072 2529 Chel-

1128 2558 1314 2589 mensem,
1338 2546 1691 2591 Pomeraniensem,
1711 2545 2016 2590 Vomariensem,
2033 2546 2072 2581 et

1129 2599 1394 2637 Sambiensem
1412 2629 1421 2644 ‚
1455 2599 1651 2636 distribuit
1669 2628 1677 2643 ,
1710 2610 1730 2634 e
1765 2598 1905 2645 quibus
1934 2597 2073 2634 ultima

1130 2652 1328 2696 dioecesis,
1346 2654 1439 2688 tunc
1459 2652 1628 2688 nondum
1648 2650 1875 2698 conquisita,
1892 2662 1952 2687 an.
1974 2651 2072 2688 1255

1130 2719 1153 2743 a
1185 2705 1396 2753 crucigeris
1430 2705 1501 2741 sub
1531 2704 1714 2741 Ottocaro
1746 2715 1836 2752 rege
1864 2703 2072 2740 Bohemiae

1130 2760 1290 2796 subacta
1315 2761 1391 2803 est,
1412 2758 1571 2804 eiusque
1591 2756 1737 2793 incolae
1759 2757 1904 2804 pariter
1923 2757 2072 2806 baptis-

1131 2824 1236 2849 mum
1257 2814 1508 2858 susceperunt
1524 2808 1549 2847 ².

1186 2865 1245 2901 Ex
1275 2876 1349 2911 quo
1368 2866 1541 2909 tempore
1562 2861 1724 2899 Livones
1738 2891 1746 2907 ‚
1768 2863 1950 2908 Estones,
1970 2863 2071 2900 Cur-

1134 2918 1252 2963 landi,
1268 2916 1425 2953 Borussi
1442 2915 1651 2952 christiana
1667 2927 1777 2952 sacra
1789 2915 1956 2964 amplexi
1967 2918 2070 2959 sunt,

1135 2971 1251 3008 feroci
1271 2981 1362 3006 suae
1384 2968 1540 3005 vivendi
1561 2967 1714 3012 rationi,
1736 2969 1908 3017 piraticis
1928 2980 2071 3006 excur-

1177 3088 1186 3108 1
1209 3087 1273 3118 Vid.
1291 3089 1309 3117 t.
1328 3087 1348 3123 1,
1365 3095 1392 3125 p.
1409 3084 1478 3116 26⁶2.

1175 3128 1189 3149 ²
1205 3127 1391 3167 Doeliinger,
1409 3127 1467 3157 loc.
1494 3126 1601 3163 cit.;1‘.
1629 3126 1665 3157 de
1691 3126 1857 3165 Dusburg,
1886 3124 2071 3157 Chronicon

1136 3169 1306 3241 &uss-iam
1332 3168 1475 3206 ¹Arnold,
1510 3167 1833 3208 Kirchenyescliichte
1862 3166 1914 3198 des
1943 3166 2074 3207 Kb'niqr.

1170 3219 1309 3241 reussen.
