2241 3473
781 189 908 221 VSQVE
936 190 989 216 AD
1017 188 1158 216 ORTVM
1186 191 1390 219 ISLAMISMI
1414 216 1418 220 i

105 254 186 294 lum
206 253 340 291 intulit
358 263 420 290 an.
441 251 530 290 535.
552 252 703 290 Bellum
724 254 794 291 sub
810 253 1050 290 Graecorum

109 307 272 345 ducibus
296 308 431 343 eontra
463 305 608 343 Gothos
636 306 746 343 vario
773 309 899 342 marte
919 305 1046 342 conti-

107 361 272 397 nuatum
293 361 353 396 est
374 369 494 406 usque
507 359 555 395 ad
568 370 628 395 an.
645 358 734 403 553,
750 369 838 405 quo,
855 358 1050 394 exstincta

107 411 371 450 dominatione
390 410 568 455 Gothica,
590 411 705 447 Italia
721 410 876 447 subdita
892 410 967 447 fuit
986 410 1052 446 im-

106 463 278 513 peratori
307 464 471 500 Graeco.
505 463 615 499 Tune
643 464 760 500 etiam
781 462 819 498 in
846 462 973 508 Italia,
994 462 1049 499 si-

107 519 175 554 cut
194 516 232 552 in
253 514 400 559 Africa,
421 515 665 552 Arianismus
685 514 843 552 corruit.

157 568 222 606 528.
255 568 664 616 Corrupticolaram,
692 566 1053 615 [nem-rupticola-

105 632 223 667 rum,
254 626 293 658 et
312 623 596 667 Aynoi‘tarum
615 624 746 656 sectae
761 640 813 645 —-
830 619 872 655 In
893 619 1053 655 Oriente

105 673 184 711 iam
217 685 241 711 a
270 672 408 710 Iustini
439 672 684 719 imperatoris
710 671 831 708 initiis
852 671 1055 719 magisque

105 726 177 764 sub
193 725 419 768 IustinianO,
439 724 503 772 qui
521 723 555 760 ei
572 735 632 760 an.
650 724 727 760 527
756 723 955 768 successit,
987 724 1056 761 Ca-

106 777 242 816 tholici
262 776 547 825 Menophysitis
568 788 637 813 seu
658 776 916 824 Eutychianis
934 787 1051 824 prae-

107 830 317 868 valuerunt
335 828 359 865 ¹.
393 828 634 865 Iustinianus
648 857 656 873 ,
693 828 868 865 fervidus
898 828 1049 865 concilii

106 880 435 921 Chalcedonensis
455 880 658 926 defensor,
680 880 811 928 plures
833 881 917 918 vias
936 881 1001 918 red
1010 893 1056 917 u-

108 935 221 973 cendi
237 933 532 981 Monophysitas
548 933 595 970 ad
614 933 806 970 unitatem
824 933 1056 970 catholicam

107 987 289 1025 tentavit.
306 988 380 1023 An.
410 986 501 1030 532,
522 986 571 1022 ad
601 986 919 1023 constituendum
942 985 1057 1022 finem

108 1039 274 1078 dissidiis
293 1038 500 1086 religiosis,
520 1038 856 1087 Constantinopoli
877 1038 1058 1075 collatio-

110 1103 199 1130 nem
221 1091 558 1130 Catholieosinter
578 1093 618 1128 et
637 1091 934 1139 Monophysitas
955 1091 1060 1127 indi-

110 1145 185 1189 xit,
203 1143 426 1182 convocatis
447 1155 495 1180 ex
518 1146 683 1190 utraque
703 1147 814 1192 parte
843 1155 910 1180 sex
942 1144 1058 1192 Epis—

108 1198 224 1246 copis.
246 1196 476 1235 Collationis
492 1196 606 1233 huius
623 1196 787 1233 effectus
807 1195 898 1241 fuit,
911 1199 954 1233 ut
971 1196 1061 1244 plu-

110 1262 172 1287 res
191 1249 324 1287 clerici
344 1251 384 1286 et
405 1249 581 1285 monachi
609 1249 850 1296 eutychiani,
870 1248 935 1296 qui
966 1248 1064 1297 epis-

110 1314 224 1351 copos
261 1312 350 1339 suos
371 1301 747 1349 Constantinopolim
768 1301 944 1338 comitati
972 1301 1060 1338 fue-

110 1358 219 1400 rant,
238 1353 398 1391 veritati
419 1354 636 1390 catholicae
657 1354 916 1399 assenserint3
947 1365 996 1390 ex
1028 1366 1063 1391 e-

110 1407 274 1457 piscopis
291 1418 382 1443 vero
408 1406 511 1443 solus
534 1406 778 1444 Philoxenus
801 1406 1062 1443 Dulichiensis

110 1471 284 1498 errorem
313 1459 455 1496 abiecit
475 1457 501 1495 ².

163 1511 366 1550 Iustiniani
388 1511 435 1548 ad
454 1511 750 1559 deprimendam
765 1511 1067 1560 Monophysita-

109 1576 195 1602 rum
225 1568 370 1602 sectam
391 1564 597 1601 conatibus
628 1565 812 1601 continuo
844 1565 1067 1602 contraibat

110 1618 315 1655 Theodora
344 1619 540 1664 augusta,
569 1617 858 1654 haereticorum
890 1618 1066 1666 partibus

111 1671 209 1708 clam
226 1669 506 1707 asmictaflaec
519 1670 602 1717 ipsa
618 1669 807 1715 effeeit,ut
823 1671 1068 1718 an.535,post

111 1728 275 1761 mortem
298 1721 523 1770 Epiphanii,
543 1722 853 1770 patriarchatum
875 1722 940 1770 Cp.
971 1734 1065 1759 con-

112 1777 270 1813 secutus
303 1774 423 1811 fuerit
455 1774 688 1818 Anthimus,
718 1778 834 1812 antea
863 1775 1065 1823 episcopus

112 1827 426 1876 Trapezuntinus
446 1855 455 1870 ,
477 1826 579 1863 sicut
607 1827 831 1873 Theodora,
852 1828 1064 1875 eutychia-

114 1892 189 1918 nae
210 1879 360 1917 haeresi
380 1879 545 1916 deditus.
568 1880 619 1916 At
640 1891 701 1916 an.
723 1880 800 1917 536
817 1891 847 1916 s.
863 1881 1065 1928 Agapetus

114 1933 200 1982 Pp„
220 1932 288 1980 qui
306 1932 413 1968 iussu
434 1931 624 1968 Theodati
639 1961 647 1977 ,
668 1932 772 1980 regis
794 1932 932 1969 Italiae
954 1933 1065 1980 lega-

113 1986 260 2023 tionem
289 1984 337 2021 ad
367 1984 626 2021 lastinianum
657 1988 900 2033 susceperat,
922 1985 1062 2021 Anthi-

114 2050 223 2075 mum
262 2038 464 2074 haereseos
493 2038 717 2073 convictum
735 2066 743 2082 ,
772 2037 994 2074 sacerdotio
1027 2040 1067 2074 et

114 2090 384 2128 communione
396 2088 571 2125 fidelium
591 2090 777 2137 privavit,
799 2093 838 2127 et
859 2090 897 2126 in
917 2090 1001 2127 eius
1015 2090 1067 2127 lo-

91 2154 205 2180 .cum
233 2141 432 2180 ordinavit
464 2141 674 2187 Mennam,
707 2142 799 2179 fidei
839 2143 1066 2191 integritate

115 2198 156 2233 et
183 2195 251 2232 SS.
281 2194 574 2242 Scripturarum
604 2196 747 2243 peritia
768 2195 947 2240 clarum;
969 2207 1068 2243 quae

116 2247 246 2285 omnia
266 2246 498 2284 confirmata
513 2247 677 2284 fuerunt
697 2247 735 2284 in
759 2248 908 2295 synodo
926 2248 977 2284 55
994 2248 1070 2296 epi-

115 2311 335 2349 scoporum,
347 2300 482 2336 eodem
502 2310 616 2345 anno,
637 2300 978 2348 Constantinopoli
999 2301 1070 2337 sub

115 2352 259 2391 Menna
279 2351 504 2400 patriarcha
524 2352 670 2389 habita.
691 2353 838 2390 Eadem
859 2352 1069 2389 confirma-

118 2405 175 2443 vit
193 2404 433 2442 Iustinianus
452 2404 688 2452 imperator,
709 2407 748 2442 et
769 2405 1000 2442 Anthimum
1021 2417 1070 2442 ex

118 2458 213 2495 urbe
227 2457 436 2506 relegavit.
458 2456 741 2494 Verumtamen
771 2458 904 2506 pravis
939 2459 1070 2495 Theo-

119 2511 237 2547 dorae
265 2510 419 2547 artibus
447 2509 630 2546 effectum
652 2512 723 2555 est,
745 2513 788 2547 ut
809 2510 1067 2559 Monophysi-

119 2565 184 2599 tae
203 2561 241 2598 in
273 2562 452 2610 Aegypto
473 2562 728 2599 consisterent
746 2560 772 2600 3.

173 2613 335 2651 Interim
357 2625 462 2651 more
479 2615 652 2651 omnium
674 2618 892 2661 sectarum,
913 2616 961 2653 ab
983 2616 1072 2652 uni-

118 2668 200 2704 tate
237 2665 453 2703 catholicae
475 2667 653 2704 veritatis
674 2668 942 2704 aberrantium
959 2697 968 2712 ,
989 2669 1072 2705 Eu-

120 2718 322 2767 thychiani
347 2719 386 2754 in
408 2718 582 2756 diversas
596 2720 811 2757 sententias
828 2724 867 2757 et
883 2720 1073 2758 factiones

121 2771 312 2808 abierunt.
351 2770 434 2807 Iam
463 2781 524 2807 an.
545 2771 623 2808 519
642 2771 748 2808 inter
767 2784 832 2809 eos
853 2773 1072 2820 quaesitum

122 2824 200 2868 est,
233 2834 282 2860 an
303 2822 450 2870 Corpus
470 2823 613 2860 Christi
634 2823 673 2860 in
694 2824 756 2861 his
775 2826 892 2862 terris
914 2825 1074 2874 perinde

123 2887 167 2912 ao
182 2879 361 2912 nostrum
380 2875 499 2911 fuerit
515 2876 720 2912 obnoxium
739 2877 987 2915 detrimentis
1004 2890 1073 2915 seu

122 2927 358 2976 indigentiis,
378 2927 459 2969 siti,
474 2926 581 2972 fami,
598 2928 803 2965 doloribus:
821 2929 886 2966 alii
903 2941 991 2967 cum
1007 2931 1075 2967 Se-

125 2991 245 3025 vero,
277 2980 471 3027 quondam
501 2979 903 3028 pseudo-patriarcha
932 2983 1074 3019 Antio-

125 3031 273 3076 cheno,
303 3031 584 3068 affirmativam
620 3033 853 3070 sententiam
885 3035 1074 3072 defende-

123 3086 228 3129 runt,
239 3084 356 3132 hique
371 3084 781 3121 «Phtartolatrarum»
795 3096 863 3123 seu
880 3087 1073 3137 Corrupti-

165 3163 176 3184 ¹
195 3164 258 3194 vid.
276 3173 303 3203 ρ.
322 3163 391 3194 145.
413 3180 452 3184 —
481 3163 494 3183 2
511 3163 697 3201 1„=1i›1›e,1oc.
715 3165 810 3204 einp.
828 3165 915 3197 1763.

1923 181 1995 221 151

1096 254 1269 292 colai-um
1292 256 1503 294 factionem
1526 255 1841 302 constituerunt;
1862 256 2047 305 appellati

1097 307 1212 344 etiam
1243 312 1334 346 sunt
1365 309 1684 347 «Theodosiani»
1706 308 1958 346 aThcodosio
1978 321 2050 358 pa-

1096 359 1270 397 triarcha
1291 373 1380 398 suo:
1401 361 1466 399 alii
1489 373 1579 399 cum
1602 361 1775 407 Iuliano,
1795 361 1990 409 quondam
2006 373 2052 399 e-

1096 411 1251 461 piscopo
1274 413 1629 460 Halicarnassensi,
1650 413 1886 451 sententiam
1905 414 2055 463 negati-

1098 475 1186 500 vam
1198 468 1555 513 propugnarunt,et
1566 466 1751 516 appellati
1768 478 1812 504 su
1819 467 2056 515 nt«Aphtar-

1099 518 1300 554 todocetae
1314 530 1335 554 ›>
1349 530 1415 555 seu
1428 519 1759 568 Incorrupticolae
1776 530 1799 556 ‹<
1811 519 2052 557 Phantatas-

1098 571 1185 606 tae»
1199 569 1293 606 item
1308 571 1565 608 «Gaianitae»
1587 584 1609 609 a
1624 571 1848 620 patriarcha
1862 583 1930 610 suo
1943 571 2056 610 Gaia-

1099 633 1160 667 n0;
1172 634 1260 658 nam
1277 634 1452 671 quaeque
1469 623 1586 660 factio
1603 636 1664 661 an.
1683 624 1774 670 537,
1787 626 1874 674 post
1889 626 2055 662 mortem

1099 674 1518 722 Timothei,proprium
1529 677 1602 713 sibi
1622 677 1886 724 patriarcham
1908 677 2055 715 consti-

1099 726 1188 763 tuit.
1205 727 1326 763 Paulo
1345 732 1429 775 post
1444 728 1687 766 Themistius
1704 729 1894 767 diaeonus
1913 741 2056 767 novam

1101 779 1204 815 inter
1241 779 1531 827 Corrupticolas
1570 780 1779 818 factionem
1810 782 2056 829 introduxit,

1101 842 1239 879 nempe
1257 834 1536 880 Agnoetarum,
1553 834 1617 881 qui
1635 834 1838 878 docebant,
1855 834 2055 872 Christum

1102 883 1140 920 in
1177 884 1250 920 hac
1280 885 1362 922 vita
1398 884 1518 922 fuisse
1548 887 1795 934 ignorantiae
1828 887 2053 925 obnoxium.

1105 937 1199 973 Post
1218 937 1389 974 medium
1410 937 1524 974 huius
1551 939 1697 975 saeculi
1719 939 1884 976 Ioannes
1903 940 2056 977 Ascus-

1105 1000 1224 1037 nages
1251 993 1290 1026 et
1320 990 1485 1027 Ioannes
1516 990 1757 1038 Philoponus
1788 991 1890 1028 inter
1918 992 2058 1029 Mono-

1105 1041 1280 1089 physitas
1301 1042 1459 1079 initium
1482 1043 1676 1080 dederunt
1695 1047 1825 1081 sectae
1846 1044 2060 1082 Tritheita-

1105 1105 1205 1139 rum,
1225 1095 1291 1143 qui
1314 1095 1630 1140 docebant,sicut
1648 1099 1729 1132 tres
1749 1097 1982 1145 hypostases
2003 1097 2058 1134 ita

1105 1150 1184 1183 tres
1205 1147 1378 1184 eiusdem
1399 1148 1543 1196 speciei
1566 1160 1632 1185 seu
1654 1149 1810 1196 generis
1838 1160 1921 1186 esse
1943 1152 2063 1187 natu-

1104 1211 1168 1236 ras
1185 1199 1221 1235 in
1238 1199 1306 1237 SS.
1321 1200 1530 1238 Trinitate.
1546 1200 1722 1248 Denique
1734 1201 1962 1249 Stephanus
1973 1202 2064 1239 Nio-

1106 1253 1173 1289 bes
1203 1253 1504 1301 permixtionem
1535 1254 1702 1290 duarum
1726 1253 1873 1291 Christi
1898 1257 2059 1292 natura-

1109 1316 1196 1341 rum
1225 1307 1263 1342 et
1291 1306 1660 1343 transmutationem
1681 1306 1720 1343 in
1752 1307 1913 1344 tertiam
1935 1318 2064 1354 quan-

1109 1358 1196 1395 dam
1226 1370 1369 1396 novam
1390 1359 1607 1405 adstruxit,
1627 1360 1788 1408 eiusque
1810 1358 1984 1397 asseclae
2006 1359 2064 1397 di-

1109 1410 1160 1447 cti
1186 1414 1277 1447 sunt
1296 1411 1479 1449 Niobitae
1499 1410 1524 1450 ¹.

1161 1463 1224 1501 29.
1252 1463 1470 1501 Com-ersio
1490 1465 1742 1502 Maurorum
1758 1493 1769 1508 ,
1789 1465 2064 1512 Her-zelorum,

1110 1516 1371 1564 Abccsyorum
1391 1522 1429 1553 et
1449 1518 1632 1554 aliorum
1650 1537 1698 1544 —
1717 1517 1859 1554 Iisdem
1875 1518 2058 1565 tempori-

1111 1569 1180 1605 bus
1198 1569 1375 1606 nonnulli
1396 1570 1524 1618 populi
1546 1569 1705 1607 barbari
1722 1582 1762 1607 se
1779 1571 1827 1607 ad
1844 1570 2062 1608 Ecclesiam

1112 1625 1402 1660 converterunt.
1425 1625 1498 1659 An.
1529 1623 1606 1660 528
1628 1623 1783 1669 Gretes,
1800 1633 1873 1659 rex
1892 1623 2066 1660 Herulo-

1112 1686 1218 1719 rum,
1248 1675 1313 1723 qui
1343 1675 1488 1712 Istrum
1509 1675 1757 1723 transgressi,
1787 1676 1835 1712 ab
1856 1676 2066 1712 Anastasio

1113 1728 1349 1775 imperatore
1380 1740 1467 1765 oras
1497 1727 1667 1764 Danubii
1697 1728 1922 1765 incolendas
1951 1740 2065 1765 acce-

1111 1782 1264 1828 perant,
1287 1782 1397 1817 venit
1416 1780 1805 1829 Constantinopolim,
1825 1780 1959 1818 foedus
1979 1781 2067 1818 iniit

1113 1844 1202 1869 cum
1224 1833 1459 1879 Iustiniano,
1480 1834 1672 1880 huiusque
1692 1845 1807 1871 suasu
1828 1833 2065 1881 baptismum

1110 1885 1283 1933 suscepit
1312 1898 1400 1922 eum
1428 1887 1512 1922 tota
1541 1886 1653 1922 domo
1683 1897 1764 1923 sua.
1787 1886 1909 1934 Regis
1929 1897 2066 1922 exem-

1111 1937 1218 1986 plum
1236 1938 1357 1974 secuti
1375 1940 1468 1975 sunt
1484 1938 1642 1975 subditi.
1657 1938 1801 1975 Eodem
1819 1941 1994 1986 tempore
2010 1938 2070 1974 Iu-

1112 1989 1304 2031 stinianus
1326 1990 1539 2038 imperator
1557 1991 1699 2036 Zanes,
1722 1993 1879 2039 gentem
1900 1990 2070 2027 ferocem

1112 2043 1255 2079 montis
1275 2043 1413 2088 Tauri,
1434 2055 1502 2091 per
1522 2044 1641 2081 duces
1665 2055 1756 2081 suos
1776 2043 1944 2092 subegit,
1966 2045 2006 2080 et
2021 2044 2070 2080 ad

1113 2095 1366 2133 christianam
1395 2096 1643 2144 Religionem
1679 2096 1966 2145 suscipiendam
1987 2107 2071 2144 per-

1113 2149 1238 2186 duxit.
1261 2148 1412 2185 Gordas
1433 2149 1551 2185 etiam
1568 2161 1639 2186 rex
1660 2149 1908 2194 Hunnorum,
1925 2149 1994 2196 qui
2008 2149 2072 2185 ha-

1114 2201 1290 2238 bitabant
1309 2201 1347 2237 in
1370 2202 1609 2239 Chersoneso
1635 2202 1822 2247 Taurica,
1842 2201 2072 2238 Constanti-

1113 2254 1281 2302 nopolim
1301 2254 1420 2298 venit,
1437 2257 1476 2290 et
1493 2254 1637 2291 ibidem
1659 2254 1892 2302 baptizatus,
1910 2265 1998 2290 cum
2015 2253 2072 2290 Iu-

1113 2307 1279 2343 stiniano
1296 2305 1430 2343 foedus
1445 2307 1550 2351 iniit;
1564 2307 1630 2343 sed
1656 2319 1744 2343 cum
1762 2307 1810 2344 ad
1828 2317 1918 2344 suos
1934 2306 2071 2351 redux,

1113 2359 1322 2396 violentius
1342 2358 1473 2397 forsan
1493 2359 1534 2395 in
1555 2359 1636 2396 cult
1646 2371 1711 2396 um
1733 2360 1895 2396 deorum
1916 2358 2070 2394 invehe-

1114 2413 1186 2456 ret,
1205 2423 1228 2448 a
1242 2411 1453 2449 rebellibus
1470 2416 1633 2449 necatus
1650 2414 1719 2449 est.
1737 2411 1885 2459 Abasgi
1902 2422 2072 2458 quoque,

1113 2464 1217 2501 inter
1246 2464 1420 2501 Pontum
1442 2465 1648 2502 Euxinum
1670 2468 1709 2502 et
1729 2467 1900 2501 montem
1923 2463 2073 2500 Cauca-

1115 2528 1200 2553 sum
1216 2516 1453 2562 habitanteS,
1465 2517 1720 2554 christianam
1736 2516 1984 2564 Religionem
1998 2527 2074 2552 am-

1116 2569 1218 2617 plexi
1243 2571 1356 2615 sunt3
1378 2570 1481 2616 apud
1500 2582 1594 2617 quos
1610 2570 1853 2606 Iustinianus
1869 2567 2074 2605 ecclesiam

1115 2622 1154 2658 in
1176 2623 1366 2658 honorem
1386 2623 1430 2659 B.
1452 2622 1501 2658 V.
1520 2622 1571 2659 M.
1589 2621 1872 2658 aedificandam
1888 2623 1927 2657 et
1941 2631 2072 2657 sacer-

1117 2675 1226 2711 dotes
1247 2674 1539 2712 constituendos
1555 2674 1720 2711 curavit.
1740 2674 1953 2710 Praeterea
1968 2684 2078 2710 acco-

1117 2727 1179 2764 lae
1200 2727 1346 2763 Tanais
1367 2739 1390 2763 a
1412 2727 1627 2763 Iustiniano
1649 2726 1870 2774 episcopum
1885 2755 1894 2772 ,
1916 2725 1980 2773 qui
2009 2737 2074 2762 eos

1118 2781 1296 2822 doceret,
1322 2779 1589 2826 postularunt,
1610 2789 1777 2826 quorum
1799 2778 1977 2826 precibus
1995 2777 2075 2814 im-

1118 2834 1276 2880 perator
1295 2831 1434 2868 lubens
1464 2831 1620 2867 annuit.
1640 2830 1856 2878 Postquam
1875 2829 1978 2867 idem
1997 2830 2075 2867 im-

1119 2886 1278 2932 perator
1286 2883 1460 2919 Africam
1474 2882 1694 2930 recepisset,
1707 2883 2076 2931 procuravitetiam,

1120 2939 1164 2973 ut
1183 2936 1316 2973 Mauri
1333 2935 1507 2972 ethnicos
1522 2935 1620 2972 ritus
1636 2935 1905 2984 relinquerent
1918 2937 1957 2972 et
1971 2935 2077 2972 Chri-

1118 2989 1264 3026 stianos
1285 2988 1529 3035 susciperent
1544 2986 1571 3025 ².

1159 3087 1169 3108 ¹
1189 3089 1317 3117 Liberat.
1336 3062 1414 3116 ibid.
1435 3094 1464 3115 c.
1480 3083 1536 3121 203
1554 3084 1718 3124 nicephor.
1740 3085 1832 3116 Hist.
1849 3085 1925 3117 eccl.
1942 3085 1962 3116 1.
1979 3085 2078 3123 xvn,

1119 3129 1245 3165 c.?.0,1.
1264 3126 1479 3162 xv111,c.50.

1157 3169 1171 3189 ⁵2
1187 3171 1313 3207 Procop.
1327 3167 1417 3198 Orat.
1427 3166 1444 3196 3
1454 3165 1492 3196 sle
1501 3165 1605 3205 aedis.
1619 3166 1743 3197 lustin.
1757 3170 1786 3196 et
1808 3167 1858 3196 De
1871 3166 1963 3198 Bello
1982 3166 2078 3199 Goth.

166 3203 182 3225 ³
196 3205 367 3243 Liberatus,
382 3204 578 3242 Eretum-313
596 3205 707 3243 Labbe,
720 3207 781 3244 t.v,
795 3216 860 3246 par.
874 3207 897 3247 Ι,
913 3208 1075 3248 p.47‚⁰263.
1119 3211 1297 3249 Theophan.
1322 3208 1584 3247 Clzron.;Evagr.
1599 3207 1691 3238 Hist,
1710 3207 1783 3239 eccl.
1797 3208 1815 3238 l.
1833 3208 1886 3246 1v,
1903 3217 1929 3240 c.
1945 3207 2062 3246 20-23.;
