2241 3473
243 129 323 167 424

533 131 697 168 ΕΡΟΟΗᾹ
718 142 806 169 XIII.
833 143 859 168 Α
880 142 1065 169 PVBLICA
1086 141 1235 169 RERVM
1257 143 1301 169 IN
1325 142 1496 172 GALLIIS
1515 145 1804 174 SVBVERSIONE

186 214 435 251 manifestam
455 214 650 250 succrevit
668 215 939 260 rebellionem,
958 227 1046 252 cum
1065 215 1130 253 ille
1186 233 1262 258 non
1297 222 1543 260 deferbuisse
1577 224 1843 260 dolentissima
1881 226 2105 270 accepimus
2125 238 2135 270 ;

184 267 564 314 Constantinopolim
600 268 809 310 advectus,
837 270 1133 306 neoschismati-

1185 277 1303 312 immo
1342 278 1670 314 neoschismatico
1707 277 1847 324 spiritu
1887 279 2048 315 afflante
2086 291 2134 316 eo

185 332 320 357 corum
347 320 625 356 Armeniorum
654 322 849 358 blanditiis
876 327 915 358 et
933 323 1131 359 fraudibus
1187 331 1425 376 processisse
1452 336 1509 375 ut,
1536 332 1639 379 quod
1657 331 1754 368 adeo
1774 331 2137 380 improbabatApo.

184 375 471 411 circumvectus
501 385 547 409 ac
574 375 766 420 exemplis
798 377 982 413 incitatus
1006 406 1014 420 ,
1042 389 1128 413 cum
1184 385 1306 420 stolus
1346 385 1384 420 in
1425 386 1637 423 Corinthiis
1658 414 1666 429 ‚
1705 385 1803 421 alius
1829 397 1871 421 se
1902 385 2008 423 dieat
2048 395 2139 425 esse

184 428 230 464 iis
249 428 366 463 etiam
386 427 596 474 aliquando
614 428 651 463 in
673 428 813 465 divinis
838 431 1130 468 communicare

181 493 256 518 non
285 480 496 524 dubitavit;
516 485 557 516 et
582 481 670 517 dum
699 494 809 519 suam
829 484 1061 520 fidelitatem
1082 485 1129 520 ci-

182 535 318 570 vilibus
346 534 493 580 legibus
520 535 684 570 solemni
712 537 878 583 quodam
898 542 987 574 actu
1016 539 1130 585 profi-

181 592 349 629 teretur,
367 599 442 622 non
462 589 627 624 obscure
647 590 861 627 insinuavit
880 593 1130 638 Apostolicas

182 641 480 677 constitutiones
507 641 643 678 iisdem
673 643 891 680 adversari.
921 645 1005 686 Quo
1033 650 1131 683 tem-

178 706 273 742 pore
310 693 402 729 illud
430 696 549 730 etiam
582 698 776 740 accessit,
802 703 845 734 ut
876 699 950 746 ipsi
980 701 1128 745 Legato

180 747 386 783 Pontificio
405 749 724 786 extraordinario
743 758 836 787 tunc
855 753 1125 789 Constantino—

178 801 256 848 poli
284 802 543 838 commoranti
577 803 708 839 debita
739 805 859 841 etiam
892 807 1128 843 urbanitatis

177 854 305 889 officia
320 854 505 891 exhibere
523 856 754 903 neglexerit,
781 863 820 894 et
835 859 978 895 litteris
993 871 1016 895 a
1030 861 1129 897 Con-

177 909 410 955 gregatione
445 908 601 954 missis,
634 911 768 958 quibus
802 919 1024 960 opportuna
1050 926 1126 950 mo-

177 961 259 997 nita
285 967 398 997 erant
427 963 675 1007 concredita,
703 966 850 1000 nullum
878 967 1038 1003 omnino
1067 980 1125 1004 re-

176 1026 360 1062 sponsum
388 1015 559 1061 dederit;
580 1029 626 1053 ac
654 1025 870 1065 propterea
887 1020 925 1055 in
947 1022 1127 1070 Mesopo-

177 1069 339 1105 tamiam
368 1081 566 1114 reversus,
596 1083 787 1108 novarum
817 1085 950 1110 rerum
979 1077 1127 1112 molito-

175 1122 282 1158 ribus
312 1123 530 1166 studuerit,
559 1129 598 1161 et
625 1127 747 1162 multa
774 1132 925 1164 temere
957 1129 1124 1175 dixerit,

175 1187 274 1223 quae
313 1188 389 1212 non
431 1178 545 1214 modo
589 1190 677 1215 cum
723 1180 905 1217 catholici
942 1183 1126 1231 Episcopi

174 1230 316 1274 officio,
337 1231 405 1267 sed
432 1232 553 1268 etiam
581 1245 667 1269 cum
697 1235 782 1282 ipsa
808 1237 1027 1274 orthodoxa
1051 1238 1127 1277 fide

175 1285 356 1331 componi
385 1297 459 1320 non
489 1292 687 1334 poterant.

220 1338 280 1373 Ad
308 1339 404 1375 haec
431 1342 670 1388 gravissima
697 1344 816 1380 etiam
845 1349 932 1382 erat
958 1347 1127 1384 conditio

173 1397 222 1433 ad
249 1409 365 1446 quam
383 1427 391 1441 ,
421 1399 627 1436 inimicitia
653 1405 692 1437 et
720 1402 831 1438 malis
858 1403 1011 1441 artibus
1038 1417 1127 1453 quo-

173 1453 366 1498 rumdam,
383 1456 447 1502 qui
465 1467 508 1492 se
528 1455 789 1494 Patriarchae
811 1460 1031 1504 patrocinio
1051 1461 1129 1497 suf-

173 1506 288 1543 fultos
323 1509 531 1552 dicebant,
563 1510 747 1548 redactus
779 1517 868 1549 erat
899 1513 1128 1552 Timotheus

174 1563 505 1612 Archiepiscopus
530 1565 713 1602 Amiden.
742 1567 1045 1614 Chaldaeorum,
1066 1572 1127 1618 qui

177 1615 371 1653 infensum
400 1619 438 1654 in
474 1631 516 1655 se
551 1620 726 1656 eiusdem
755 1621 1016 1660 Patriarchae
1049 1625 1129 1660 ani-

177 1681 283 1707 mum
319 1673 495 1709 sentiens
532 1673 823 1711 dolentissimas
860 1678 1128 1724 querimonias

172 1731 213 1761 et
229 1737 367 1772 preces
386 1732 425 1763 et
442 1728 564 1764 semel
586 1733 625 1764 et
645 1729 786 1764 iterum
803 1729 850 1764 ad
866 1730 978 1766 Pium
995 1732 1126 1776 dabat,

170 1783 213 1814 ut
227 1791 314 1816 eum
333 1781 582 1827 permitteret
597 1782 644 1818 ab
665 1783 878 1831 episcopali
902 1786 1028 1821 officio
1045 1799 1126 1823 ces-

171 1843 276 1869 sare.
308 1833 401 1870 Pius
435 1835 503 1881 Pp.
540 1836 594 1871 IX
613 1842 764 1872 tantum
785 1839 982 1874 concessit
1007 1839 1127 1876 dedit-

170 1898 243 1933 que
262 1888 490 1924 facultatum
503 1889 763 1927 Patriarchae
784 1892 1010 1928 nominandi
1025 1894 1127 1930 vica-

171 1941 271 1976 rium
288 1941 324 1976 in
345 1941 411 1978 illa
430 1942 817 1991 dioecesi‚simulque
835 1952 971 1991 petens
987 1947 1127 1985 adhae-

170 1994 318 2030 sionem
336 2001 375 2031 et
390 1997 689 2033 submissionem
701 2008 811 2033 suam
828 1999 999 2035 decretis
1015 2012 1128 2048 quar-

172 2051 233 2083 tae
273 2049 457 2085 sessionis
495 2050 659 2086 Concilii
685 2051 869 2087 Vaticani
897 2052 1015 2089 Hisce
1042 2066 1122 2090 mo-

170 2101 260 2137 nitis
289 2103 445 2139 tandem
465 2104 671 2151 aliquando
691 2111 935 2142 memoratus
950 2106 1125 2144 Patriar-

170 2154 241 2190 cha
277 2157 497 2203 acquievit,
529 2157 590 2193 die
628 2157 672 2193 29
699 2158 889 2202 iul.1372‚
932 2172 1122 2209 suamque

169 2208 288 2245 edidit
315 2210 593 2247 adhaesionem
627 2213 784 2259 scriptis
819 2215 1091 2260 consignatam
1113 2246 1121 2261 ‚

169 2262 324 2300 adiecta
351 2270 482 2301 tamen
502 2265 786 2309 declaratione,
807 2278 884 2314 qua
901 2269 971 2303 sibi
991 2271 1120 2308 omnia

170 2318 256 2354 iura
275 2323 315 2354 et
332 2320 538 2368 privilegia
557 2320 841 2366 patriarchalia
857 2331 1066 2360 reservata
1083 2331 1121 2362 et

169 2380 405 2410 conservata
420 2375 590 2411 volebat.
622 2374 714 2411 Pius
743 2374 812 2422 Pp.
843 2377 894 2412 IX
915 2377 975 2414 die
994 2379 1036 2415 16
1055 2391 1121 2415 no—

169 2429 320 2465 vembr.
351 2430 440 2467 1572
458 2430 707 2477 Apostolicas
726 2430 880 2466 litteras
898 2432 1056 2479 scripsit
1071 2435 1119 2470 ad

170 2485 349 2521 eumdem
380 2485 719 2526 Patriarcham,in
741 2485 878 2532 quibus
898 2486 1119 2524 doctrinam

169 2551 257 2576 cum
283 2539 330 2576 de
362 2539 568 2575 Pontificio
605 2541 803 2587 primatu,
836 2545 916 2575 tum
952 2540 998 2577 de
1028 2542 1118 2577 iuri·

170 2595 239 2630 bns
265 2595 582 2641 patriarcharum
599 2593 962 2643 tradidit,illumque
981 2596 1119 2631 adhor-

170 2653 273 2686 tatus
299 2650 346 2685 ad
374 2662 484 2686 suum
516 2649 755 2697 implendum
783 2650 968 2693 officium,
990 2652 1045 2686 sic
1071 2651 1117 2688 de

170 2704 350 2741 Ecclesia
377 2704 691 2742 Dian-beltiriensi
712 2704 938 2748 (Amidensi)
962 2705 1115 2741 aiebat:

169 2772 189 2795 «
207 2761 291 2796 Hac
321 2766 452 2796 autem
481 2762 689 2796 occasione
719 2765 852 2795 tacere
881 2770 956 2795 non
987 2771 1118 2806 possu-

169 2815 381 2858 mus,Ven.
402 2814 561 2856 Frater,
589 2814 634 2850 de
656 2813 967 2850 Diarbekiriensi
986 2815 1035 2849 tui
1055 2825 1116 2860 pa-

171 2869 734 2917 triarchatusEcclesia‚quam
751 2880 826 2904 non
843 2869 1003 2916 ignoras
1023 2869 1118 2903 mul-

171 2925 219 2959 tis
237 2923 376 2960 abhinc
397 2923 506 2959 annis
531 2923 846 2960 contentionibus
874 2927 915 2959 et
944 2923 1115 2958 aemula-

171 2978 336 3013 tionibus
356 2978 491 3015 vexari
513 2983 552 3014 et
570 2977 752 3020 dividi;et
773 2982 982 3024 propterea
997 2977 1117 3013 multa

171 3044 327 3078 passum
356 3032 489 3075 fuisse,
517 3033 577 3080 qui
609 3033 818 3068 novissime
848 3032 897 3067 illi
932 3031 1115 3079 praefuit,

169 3087 405 3133 Episcopum
438 3086 599 3122 Petrum
627 3086 850 3122 Di·Natalc.
872 3086 957 3127 Quo
984 3085 1118 3122 desun—

170 3146 245 3181 cto,
268 3152 352 3175 cum
382 3140 439 3176 'I'c
469 3146 711 3187 proponente
749 3140 874 3176 eidem
898 3141 932 3175 in
958 3141 1116 3187 Episco-

170 3205 259 3240 pum
291 3195 601 3240 praefecerimus
628 3195 726 3230 Vcn.
758 3195 823 3229 Fr.
855 3194 1015 3231 Petrum
1055 3193 1117 3228 Ti-

171 3247 368 3284 motheum
404 3249 519 3285 Attar
541 3278 549 3293 ,
582 3249 854 3285 contentiones
893 3247 1118 3295 praedictas

1185 437 1311 480 Pauli,
1339 439 1438 475 alius
1463 451 1559 475 vero
1586 439 1760 487 Cephae,
1782 443 1900 486 atque
1925 440 2009 487 ipse
2036 441 2139 478 Ven.

1184 491 1253 526 Fr.
1274 493 1504 530 Timotheus
1530 498 1570 530 et
1596 494 1717 530 semel
1743 497 1784 529 et
1810 494 1954 529 iterum
1972 495 2136 533 aNobis

1184 546 1297 582 enixe
1323 547 1581 593 flagitaverit,
1600 553 1643 583 ut
1669 548 1795 593 ipsum
1814 551 1926 583 tanta
1942 547 2133 586 iactatum

1185 604 1420 647 tempestate
1449 601 1497 637 ab
1523 601 1651 637 officio
1678 600 1779 648 quod
1806 600 1841 636 ei
1867 601 2136 639 commisimus

1184 665 1342 690 cessare
1385 655 1722 702 permitteremus.
1761 654 1994 690 Huiusmodi
2035 656 2134 692 schi-

1184 711 1314 743 smata
1341 712 1380 744 et
1405 709 1594 744 scandala
1620 720 1641 744 e
1672 708 1800 744 medio
1831 708 1971 744 tollere
2001 720 2137 746 neces-

1183 761 1332 797 sarium
1367 762 1524 798 omnino
1552 766 1626 798 est.
1654 762 1907 809 Quapropter
1935 767 1974 798 te
2003 762 2136 800 horta-

1184 827 1272 851 mur
1297 820 1336 852 et
1363 817 1401 852 in
1427 817 1594 852 Domino
1623 816 1767 852 Nostro
1788 817 1872 852 Iesu
1891 817 2048 854 Christo
2067 818 2132 854 ob-

1181 881 1384 906 secramus
1406 899 1414 912 ‚
1441 870 1544 906 Ven.
1573 870 1718 906 Frater
1739 898 1747 911 ,
1773 874 1818 906 ut
1849 869 2017 906 dissidiis
2051 871 2138 908 istis

1181 924 1460 970 componendis
1486 922 1765 971 extinguendis
1789 935 1955 971 operam
1975 925 2134 961 omnino

1181 977 1398 1013 efficaciter
1425 981 1464 1013 et
1494 977 1785 1025 quamprimum
1815 977 2015 1014 adhibeas.
2043 977 2131 1019 Qua

1181 1029 1217 1064 in
1237 1042 1279 1067 re
1299 1032 1549 1078 procuranda
1568 1041 1802 1077 persuasum
1822 1031 1892 1066 tibi
1907 1043 1993 1068 esse
2021 1032 2130 1068 volu-

1181 1095 1280 1128 mus,
1300 1084 1698 1131 consilium,operam
1718 1088 1834 1131 atque
1854 1084 2131 1121 auctoritatem

1181 1142 1355 1174 nostram
1376 1139 1478 1173 nullo
1499 1143 1612 1185 pacto
1632 1138 1696 1173 tibi
1720 1138 1947 1174 defuturam
1961 1139 2053 1174 ».1n
2074 1150 2134 1175 re-

1181 1203 1323 1238 sponso
1344 1221 1352 1234 ,
1389 1191 1489 1239 quod
1517 1192 1624 1227 hisee
1652 1191 1794 1228 litteris
1824 1191 1929 1228 dedit
1958 1192 2135 1229 Patriar-

1180 1246 1252 1280 cha
1277 1245 1338 1282 die
1367 1246 1411 1282 12
1437 1245 1528 1281 maii
1548 1246 1653 1287 1873,
1674 1257 1785 1281 suam
1812 1257 1911 1292 erga
1937 1245 2046 1283 Petri
2072 1257 2137 1282 ca-

1181 1299 1360 1335 thedram
1387 1300 1652 1337 obedientiam
1687 1300 1946 1346 profitebatur
1968 1329 1976 1345 ‚
2015 1312 2134 1348 seque

1179 1354 1337 1390 omnino
1365 1358 1597 1390 curaturum
1626 1354 1900 1401 promittebat,
1927 1359 1970 1391 ut
1999 1354 2135 1392 fideles

1179 1409 1238 1445 sui
1268 1409 1561 1456 patriarchatus
1587 1408 1634 1444 ab
1662 1408 1864 1445 erroribus
1885 1409 1975 1445 novi
1996 1411 2137 1448 Arme-

1180 1463 1231 1498 nii
1260 1463 1486 1499 schismatis
1513 1463 1710 1499 immunes
1730 1463 1874 1500 forent.
1894 1463 1972 1501 Sed
1989 1465 2134 1502 iterum

1179 1517 1409 1554 facultatem
1444 1518 1556 1564 petiit
1589 1517 1769 1553 mittendi
1802 1518 2042 1566 Episcopum
2074 1521 2133 1557 sui

1181 1571 1277 1607 ritus
1304 1572 1341 1607 in
1372 1571 1647 1607 Malabariam.
1669 1572 1762 1608 Pius
1792 1572 1859 1619 Pp.
1881 1573 1937 1609 IX
1964 1585 2047 1610 rem
2075 1586 2135 1611 re-

1181 1626 1286 1662 misit
1311 1626 1623 1673 Congregationi
1651 1626 1917 1663 Orientalium
1944 1627 2104 1664 Rituum
2125 1658 2133 1673 ‚

1180 1690 1279 1726 qnae
1308 1680 1661 1716 Malabariensium
1680 1681 1872 1727 spirituali
1899 1681 2018 1718 saluti
2036 1683 2134 1720 satis

1183 1745 1250 1780 per
1279 1733 1509 1769 Pontificem
1545 1746 1632 1770 esse
1664 1735 1883 1771 consultum
1915 1735 2128 1783 respondit.

1182 1790 1231 1823 At
1256 1787 1317 1824 die
1337 1788 1382 1824 24
1401 1788 1492 1824 maii
1513 1789 1605 1826 1874
1627 1788 1863 1825 Patriareha
1888 1789 1985 1826 duos
2003 1801 2134 1827 sacer—

1179 1841 1290 1878 dotes
1308 1843 1367 1878 sui
1382 1843 1481 1879 ritus
1496 1843 1624 1879 Etiam
1639 1844 1822 1887 alterum,
1842 1844 2010 1880 alterum
2032 1845 2134 1882 Mat-

1182 1896 1340 1933 thaeum
1369 1897 1526 1933 nomine
1551 1926 1559 1940 ,
1587 1897 1636 1932 ad
1667 1898 1935 1946 episcopalem
1965 1898 2132 1945 dignita-

1182 1954 1261 1985 tem
1288 1950 1484 1997 sacrilege
1513 1951 1683 1987 evehere
1718 1962 1795 1986 non
1829 1951 2132 1996 reformidavit,

1180 2004 1450 2040 assistentibus
1476 2004 1563 2040 Elia
1584 2005 1726 2041 Melius
1745 2004 1938 2052 Episcopo
1958 2006 2130 2043 Akrensi

1179 2057 1468 2094 Chaldaeorum
1490 2087 1498 2100 ‚
1526 2065 1566 2095 et
1596 2059 1729 2094 Eliseo
1768 2059 1910 2096 abbate
1949 2061 2133 2106 generali

1180 2111 1466 2147 Monachorum
1493 2113 1534 2148 S.
1563 2112 1823 2156 Hormisdae;
1845 2124 2060 2161 eorumque
2078 2115 2131 2150 al-

1178 2170 1305 2201 terum
1335 2165 1533 2209 Iazirensi,
1554 2167 1722 2202 alterum
1749 2166 1976 2203 Amadiensi
1996 2168 2130 2205 Eccle-

1178 2220 1245 2255 siis
1264 2226 1414 2257 temere
1432 2221 1640 2267 praefecit:
1658 2225 1738 2256 tum
1759 2220 1903 2268 spretis
1921 2221 2008 2257 aliis
2026 2223 2131 2269 Apo-

1176 2274 1338 2310 stolicae
1367 2274 1479 2310 Sedis
1506 2274 1649 2310 litteris
1676 2278 1716 2310 et
1741 2273 1911 2310 decretis
1930 2303 1938 2317 ‚
1969 2275 2128 2322 Episco-

1177 2339 1266 2374 pum
1294 2328 1421 2364 Eliam
1451 2328 1597 2364 Melius
1617 2328 1652 2362 in
1675 2327 1938 2364 Malabariam
1958 2328 2129 2366 destina-

1174 2383 1255 2426 vit,
1282 2395 1396 2431 quem
1426 2393 1449 2418 a
1475 2382 1723 2429 suscipiendo
1753 2383 1894 2419 itinere
1925 2382 2127 2422 dimovere

1174 2448 1248 2472 non
1288 2438 1497 2473 valuerunt
1537 2448 1661 2484 neque
1703 2436 1925 2473 interdictio
1949 2466 1956 2481 ,
1998 2449 2124 2486 neque

1175 2502 1301 2537 poena
1327 2491 1596 2539 suspensionis
1623 2502 1647 2527 a
1674 2490 1744 2526 Pio
1772 2490 1842 2538 Pp·
1873 2491 1927 2527 IX
1959 2491 2119 2530 indicta.

1172 2546 1324 2581 Horum
1361 2545 1582 2581 facinorum
1622 2545 1722 2581 serie
1759 2550 1960 2592 permotus
1995 2545 2124 2583 Ponti-

1171 2600 1247 2643 fex,
1269 2599 1380 2635 iussit
1406 2600 1584 2646 graviter
1612 2599 1818 2635 admoneri
1847 2598 2126 2637 Patriarcham

1172 2665 1242 2701 per
1268 2654 1384 2691 Card.
1416 2654 1587 2689 Franclii
1616 2653 1870 2689 Praefectum
1896 2654 2125 2702 Congrega-

1173 2707 1288 2743 tionis
1313 2707 1360 2744 de
1389 2706 1656 2754 propaganda
1673 2706 1780 2743 Fide.
1803 2708 1836 2742 A
1864 2718 1937 2755 quo
1965 2707 2123 2746 litterae

1171 2761 1286 2798 darae
1312 2766 1403 2798 sunt
1429 2762 1476 2797 ad
1506 2761 1782 2797 Patriarcham
1810 2760 1872 2798 die
1899 2761 1943 2798 27
1963 2767 2119 2810 august.

1174 2816 1274 2858 1874,
1303 2827 1349 2852 ac
1378 2817 1415 2851 in
1444 2816 1528 2852 eius
1557 2817 1787 2851 memoriam
1808 2821 1996 2852 revocata
2024 2817 2125 2865 Apo-

1171 2870 1332 2906 stolicae
1353 2869 1466 2906 Sedis
1486 2869 1673 2905 mandata
1692 2875 1731 2906 et
1751 2868 2046 2917 prohibitiones,
2063 2882 2125 2907 ar-

1171 2929 1370 2969 gumenta.
1391 2923 1526 2971 quibus
1552 2935 1689 2960 earum
1719 2924 1794 2959 vim
1822 2935 2018 2961 enervare
2038 2925 2121 2972 ipse

1171 2977 1394 3020 studuerat,
1422 2980 1533 3015 fuere
1560 2978 1750 3014 dissoluta
1769 3007 1777 3022 ‚
1804 2978 2027 3025 improbata
2052 2979 2124 3016 fuit

1173 3032 1303 3067 missio
1333 3033 1541 3068 memorati
1570 3032 1754 3080 Episcopi
1776 3033 1920 3069 Melius
1939 3033 1977 3068 in
1999 3033 2122 3069 Mala-

1173 3086 1351 3129 bariam,
1379 3086 1603 3133 improbata
1637 3086 1843 3133 illegitima
1873 3087 2120 3123 consecratio

1171 3138 1333 3174 duorum
1362 3141 1650 3186 episcoporum:
1679 3139 1923 3176 declaratum
1952 3143 2025 3182 est,
2055 3139 2120 3175 lio·

1174 3205 1257 3228 rnm
1287 3194 1522 3229 electionem
1550 3194 1696 3229 nullam
1725 3205 1830 3236 esse,
1851 3193 1924 3241 ipsi
1944 3193 2119 3230 Patriar-

1171 3247 1269 3284 chae
1303 3259 1489 3296 expresse
1524 3247 1778 3290 mandatum,
1810 3252 1854 3285 ut
1879 3248 2116 3295 Episcopum
