2241 3473
691 216 828 245 VSQVE
850 216 906 243 AD
926 214 1212 243 PRAESENTEM
1238 214 1442 242 ΑΕΤΑΤΕΜ

97 293 388 330 thantoniens-¹
419 295 519 330 Hinc
547 296 731 332 etl'ectum
759 300 832 337 est.
859 300 915 339 ut,
935 296 1042 331 iuxta

95 358 323 384 communes
336 348 536 385 Ecclesiae
555 348 1040 396 regulas.HierarchiaOr—

94 399 336 437 dinariorum
348 402 722 450 Episcop01·um,qui
739 414 761 438 a
781 402 935 439 sedibus
949 413 1040 438 nun-

94 458 304 502 cupantur,
326 455 361 490 in
383 456 527 503 inclyto
548 467 717 503 maguae
737 455 966 492 Britanniae
985 467 1042 492 re-

94 518 172 554 gno
193 508 420 552 refloreret,
439 509 476 544 in
497 509 612 556 quod,
630 515 672 545 ut
691 509 879 545 historiae
900 514 1044 545 testan-

95 565 173 602 tur,
200 561 417 598 christiana
446 562 601 609 religio,
629 563 691 598 vel
712 573 735 598 a
754 563 889 610 primis
909 562 1040 598 Eccle-

94 613 176 650 siae
192 615 589 663 saeculis‚antequam
608 615 646 650 in
661 615 845 662 Angliam
866 617 1045 652 Saxones

94 667 372 712 adventarent,
400 669 559 706 invecta
585 669 671 705 suit.

133 721 217 757 Hoc
230 721 430 758 Pontificis
445 723 615 759 edictum
633 722 863 769 anglicanos
880 721 929 758 ad
942 722 1043 757 iram

95 776 372 819 concitavit,et
390 777 523 812 statim
544 777 710 812 ministri
730 775 936 812 Ecclesiae
955 786 1044 811 con-

92 829 254 865 statutae
281 830 430 877 scripto
456 835 496 866 et
523 841 618 866 voce
636 835 846 866 suaserunt
865 829 1045 865 omnibus

92 882 165 918 sibi
186 882 351 919 addictis
369 895 538 930 vergere
565 883 615 919 ad
640 894 824 920 occasum
843 883 961 929 regni
979 893 1043 918 an-

92 935 185 981 glici
215 936 541 984 amplitudinem,
570 941 657 983 post
689 937 918 983 evulgatum
952 934 1043 971 illud

94 988 239 1033 Breve,
266 1001 341 1036 quo
368 990 556 1026 tredecim
577 989 839 1037 Episcopatus
859 992 896 1025 in
916 989 1044 1024 Insula

98 1043 418 1079 restituebantur.
447 1044 548 1079 Hinc
569 1049 799 1079 recurrente
819 1043 1045 1078 anniversa-

93 1097 151 1133 ria.
176 1096 238 1133 die
264 1098 286 1133 5
305 1098 508 1134 novembr·
531 1097 623 1135 1850
648 1097 938 1133 coniurationis
959 1096 1047 1144 pul-

91 1153 273 1195 eerum‘2‚
303 1155 571 1199 protestantes
599 1150 790 1187 solemnia
816 1150 856 1186 in
891 1150 1045 1197 templis

93 1203 359 1249 celebrarunt,
389 1205 641 1252 perlegentes
659 1204 1043 1240 senatusconsultum

90 1257 163 1293 sub
189 1258 328 1294 Iacobo
355 1259 369 1294 1
397 1259 638 1305 evulgatum,
668 1262 783 1304 atque
813 1261 1045 1293 revocantes

91 1311 130 1346 in
157 1312 331 1348 omnium
363 1316 516 1348 mentes
545 1311 747 1358 singulare
774 1311 947 1355 facinus,
973 1322 1045 1357 per

90 1364 293 1401 civitatum
319 1366 404 1401 vias
430 1370 763 1412 constrepuerunt
789 1365 1043 1400 bacchantes.

89 1418 325 1455 Execranda
350 1419 448 1455 haec
468 1419 580 1466 orgia
606 1418 737 1454 multis
763 1418 906 1454 abliinc
932 1418 1046 1453 annis

89 1472 380 1516 obsoleverant,
413 1478 616 1508 tantumve
637 1472 886 1519 popularibus
914 1471 1046 1507 clami-

95 1526 304 1562 tationibus
322 1532 362 1563 et
379 1526 478 1562 ludis
499 1526 723 1574 personatis
740 1525 1043 1562 exercebantur-

91 1579 169 1615 Sed
185 1591 289 1616 anno
304 1580 419 1616 modo
437 1580 558 1622 dicto,
570 1579 777 1615 effrenatio
793 1591 838 1615 eo
858 1589 1047 1626 arrogan-

93 1633 169 1669 tiae
198 1634 403 1681 pervenit,
430 1638 471 1669 ut
499 1633 607 1680 plebs
635 1632 950 1669 circumduceret
975 1632 1046 1668 asi-

92 1697 184 1721 num
212 1687 451 1733 gestientem
480 1686 623 1733 pileum
653 1686 813 1721 rubrum
833 1690 872 1722 et
890 1685 1046 1721 simula—

94 1750 208 1776 crum
226 1740 302 1775 viri
321 1740 369 1777 ad
388 1741 513 1776 instar
531 1739 735 1775 morientis
754 1751 844 1775 cum
864 1739 1042 1786 triregno

91 1793 502 1841 pontificali.Vespere
517 1798 648 1829 autem
665 1792 941 1839 i‘acto,effigies
953 1793 1046 1829 Car-

90 1845 233 1883 dinalis
252 1848 408 1884 Nicolai
422 1848 629 1883 Wiseman
650 1848 688 1881 in
710 1857 847 1893 rogum
867 1847 1047 1882 coniecta

90 1900 176 1944 fuit,
198 1901 288 1937 dum
308 1901 454 1949 pseudo
475 1901 664 1948 episcopi,
684 1900 955 1936 universitatis
981 1910 1046 1934 an-

93 1958 329 1998 tecessores,
348 1954 644 2002 ephemeridum
672 1954 903 2000 scriptores,
923 1957 964 1990 et
981 1964 1045 2000 po-

92 2007 251 2054 pulares
266 2008 569 2044 conclamabant
586 2008 624 2042 in
640 2007 844 2043 Pontificis
858 2006 1042 2043 edictum.

91 2061 249 2098 Interea
269 2062 332 2099 lex
357 2062 436 2098 lata
463 2066 523 2098 est
549 2061 598 2097 ad
623 2067 819 2104 senatum,
838 2071 937 2108 quae
956 2061 1044 2108 Epi-

91 2127 231 2163 scopos
257 2128 416 2153 sumere
445 2116 576 2152 titulos
594 2116 666 2151 sibi
688 2127 712 2152 a
737 2116 917 2151 Romano
944 2114 1044 2150 Pon-

138 2212 146 2233 ¹
165 2211 265 2242 Bulla
290 2211 482 2243 continetur
507 2211 541 2243 in
560 2209 613 2242 eff.
632 2209 677 2241 La
697 2207 838 2241 Scicnza
859 2217 875 2240 e
893 2209 926 2240 la
943 2207 1043 2244 Fecte,

92 2256 155 2288 vol.
176 2264 236 2295 xx,
254 2265 286 2298 p.
308 2257 387 2289 370.

134 2303 148 2326 ²
169 2302 274 2341 Quum
293 2302 429 2336 Iacobus
457 2302 466 2334 1
496 2302 614 2334 Mariae
635 2302 748 2334 Stuart
767 2299 866 2340 silius,
883 2298 1042 2332 haeretica

92 2349 266 2390 pravitate,
294 2353 331 2380 ut
355 2348 433 2381 alibi
458 2349 596 2381 diximus
622 2349 666 2390 (p.
698 2346 789 2387 198),
815 2346 916 2377 invita
942 2348 1042 2377 matre

92 2394 276 2431 enutritus,
294 2394 331 2426 ad
351 2395 518 2436 imperium
537 2394 873 2436 pervenisset,0mnes
895 2390 1044 2423 sacerdo-

98 2442 144 2471 tes
171 2439 350 2472 catholicos
375 2440 453 2472 urbe
479 2442 614 2473 exulare
647 2439 742 2472 iussit
776 2438 835 2470 sub
864 2446 968 2480 poena
993 2444 1043 2468 ca-

95 2485 187 2527 pitis,
206 2495 269 2528 qua
287 2486 514 2528 plectebantur
530 2494 673 2528 quoque,
689 2483 743 2526 qui
760 2492 815 2515 eos
836 2484 1043 2525 exciperent,

97 2535 258 2574 tamquam
275 2532 382 2564 laesae
400 2532 576 2564 maiestatis
589 2532 733 2564 criminis
748 2530 809 2562 rei.
824 2529 930 2563 Iacobi
947 2527 1042 2559 inibe-

96 2577 217 2610 cillitas
231 2582 498 2619 caeterorumque
512 2579 690 2610 catholicae
702 2576 774 2609 fidei
785 2575 1040 2608 adversariorum

94 2623 335 2656 adhortationes
350 2624 675 2665 persecutionem‚uti
693 2622 888 2664 temporibus
900 2619 1042 2660 virqinis

95 2667 612 2707 Elisabetbae,renovarunt.‘l'um
624 2669 806 2702 coniuratio
823 2665 1042 2699 multitudinis

92 2715 204 2756 partim
225 2716 536 2757 catholicae,partim
555 2715 766 2757 protestantis
781 2718 895 2746 exorta
913 2715 1041 2753 est,qua

92 2760 270 2793 deliberata
290 2761 352 2794 fuit
369 2762 486 2794 occisio
505 2761 614 2800 Regis,
627 2761 824 2802 Principum,
837 2755 1049 2798 omniumque

94 2804 195 2848 Regni
213 2807 402 2840 seniorum.
422 2806 562 2849 Ideoque
582 2807 713 2847 triginta
739 2815 794 2838 sex
819 2804 944 2846 hydrias
971 2803 1041 2844 pul-

97 2861 170 2885 vere
191 2854 403 2886 tormentario
428 2852 565 2886 referias
583 2854 652 2885 aedi
673 2853 703 2884 in
722 2861 785 2894 qua
802 2850 932 2884 comitia
949 2847 1039 2888 regni

93 2899 254 2931 celebrari
282 2900 428 2932 solebant
457 2904 722 2941 supposuerunt,
747 2903 779 2930 et
806 2897 866 2929 nisi
893 2904 976 2927 unus
1002 2903 1041 2926 ex

93 2946 233 2979 consciis
257 2946 517 2980 coniurationem
535 2946 728 2985 detexisset,
747 2952 857 2977 omnes
874 2941 970 2973 simul
990 2949 1043 2972 oc—

93 2994 296 3027 cubuissent.
315 2995 437 3026 Auctor
457 2993 506 3025 vel
521 2994 714 3035 praecipuus
731 2990 812 3023 tanti
827 2987 961 3021 sceleris
981 2986 1042 3018 fuit

95 3042 221 3082 quidam
240 3041 333 3073 miles
352 3040 481 3072 nomine
500 3041 569 3080 (juy
595 3038 738 3077 Fawkes,
757 3038 849 3068 cuius
875 3033 1040 3072 imaginem

92 3089 270 3133 quotannis
288 3087 377 3130 plebs
395 3085 523 3125 anglica
539 3086 664 3118 irridet.
679 3085 791 3127 Capita
805 3079 1040 3114 coniurationis

93 3137 198 3176 gladio
215 3135 427 3169 interierunt;
439 3131 496 3162 alii
514 3131 666 3165 facinoris
680 3129 799 3164 conscii
813 3125 1037 3169 profugerunt,

94 3187 126 3214 et
141 3186 263 3214 tantum
278 3184 351 3212 octo
367 3177 512 3210 custodia
526 3177 695 3210 interclusi
711 3174 849 3209 damnati
864 3170 1043 3209 sunt.Qua-

93 3231 228 3269 propter
243 3225 382 3266 singulis
401 3223 494 3255 annis
522 3224 617 3256 liuius
642 3224 689 3256 rei
715 3219 867 3255 memoria
885 3216 1041 3250 solemnis

93 3273 213 3313 agitur,
229 3281 294 3315 qua
323 3269 408 3310 angli
426 3268 603 3302 Ecclesiam
629 3269 821 3301 catholicam
849 3273 906 3297 ceu
929 3263 1043 3296 coniu-

94 3318 232 3351 rationis
247 3321 410 3351 auctorem
437 3314 618 3357 vituperare
643 3318 769 3357 putant.

1913 198 1991 239 363

1097 290 1198 327 tifiee
1227 290 1405 326 conlatos
1423 287 1584 325 vetabat
1601 286 1670 323 sub
1689 285 1876 333 gravibus
1894 284 2047 331 poenis,

1097 343 1333 390 praesertim
1354 340 1609 389 pecuniariis;
1625 338 1693 376 sed
1712 338 1963 386 promulgata
1975 336 2048 372 fuit

1096 407 1143 432 eo
1158 407 1276 433 sensu
1291 402 1333 431 ut
1347 396 1498 432 Breves
1511 392 1727 440 Apostolici
1745 396 1879 428 essent
1892 390 1993 426 irriti
2009 395 2049 426 et

1097 450 1279 497 Episcopi
1304 449 1453 485 nullum
1475 448 1627 484 titulum
1649 446 1886 482 Dioeceseos
1911 442 1960 480 ad
1988 454 2045 480 re-

1097 515 1216 550 gnum
1237 502 1451 550 spectantis
1468 505 1687 543 sumerent,
1701 498 1803 546 quod
1821 498 1852 534 si
1870 497 2049 533 facerent

1098 567 1224 604 poena
1247 561 1402 592 centum
1430 554 1651 591 libellarum
1679 553 1925 599 anglicarum
1955 550 2049 586 mul—

1099 608 1495 647 tarentur.Demissis
1513 607 1653 644 deinde
1673 604 1953 652 iris,Episcopi
1970 614 2050 639 ma-

1097 676 1177 710 gna
1204 664 1387 699 libertate
1405 663 1564 699 fuerunt
1579 660 1728 702 donati,
1746 663 1787 696 et
1813 659 1851 694 in
1866 669 2050 706 praesen·

1098 718 1239 754 tiarum
1260 717 1382 753 titulis
1402 715 1573 763 propriis
1592 714 1858 762 appellantur;
1880 712 2052 760 quinimo

1097 770 1158 807 die
1178 771 1223 807 12
1250 770 1331 806 iulii
1353 769 1443 807 1852
1470 769 1508 805 in
1529 768 1741 804 concilium
1759 767 1882 803 libere
1900 777 1943 803 se
1966 775 2052 803 coe-

1097 828 1254 871 gerunt,
1285 823 1346 859 cui
1375 821 1576 869 praesedit
1600 820 1718 858 Card.
1740 820 1965 862 XViseman,
1992 829 2054 854 ar-

1097 877 1210 924 chiep
1218 872 1836 924 iscopusXVestmonasteriensis.
1847 871 2055 911 Catholica

1098 931 1237 978 religio
1255 931 1294 966 in
1315 930 1389 966 illis
1412 929 1530 965 terris
1551 929 1589 963 in
1611 939 1735 964 annos
1754 927 1808 963 ita
1826 925 2053 962 diffunditur

1096 988 1140 1020 ut
1153 996 1281 1032 nuper
1298 985 1379 1020 Leo
1393 983 1483 1019 XIII
1503 992 1689 1028 repressa
1705 980 1889 1016 Dioecesi
1909 980 2053 1016 Bever-

1099 1038 1260 1079 lacensi,
1289 1037 1395 1073 bulla
1420 1036 1496 1072 diei
1521 1035 1567 1073 20
1586 1034 1806 1070 decembris
1826 1032 1930 1077 1878,
1956 1032 2054 1068 duos

1098 1103 1220 1127 novos
1235 1091 1487 1138 episcopatus
1505 1089 1686 1130 instituit,
1698 1087 1931 1123 Leidensem
1947 1096 2052 1122 nem-

1098 1157 1145 1192 pe
1167 1151 1206 1182 et
1225 1145 1612 1191 Medioburgensem,
1625 1147 1741 1189 atque
1756 1152 1859 1177 anno
1879 1141 1971 1177 1882
1988 1151 2053 1176 no-

1099 1211 1188 1236 vam
1222 1199 1614 1235 portesmuthensem
1644 1195 1855 1232 dioecesim
1886 1193 2050 1231 creavit.

1099 1254 1215 1290 Nunc
1233 1253 1424 1300 temporis
1446 1264 1511 1288 res
1531 1250 1748 1288 christiana
1773 1249 1828 1285 ita
1853 1248 1992 1291 crevit,
2011 1253 2056 1284 ut

1100 1309 1139 1344 in
1165 1308 1250 1345 sola
1275 1307 1421 1354 Anglia
1446 1311 1486 1343 et
1512 1305 1736 1353 principatu
1761 1302 1937 1339 Gallensi
1963 1313 2052 1338 cum

1100 1363 1143 1398 17
1174 1362 1370 1410 episcopis
1405 1365 1446 1397 et
1478 1360 1572 1397 2112
1598 1358 1867 1407 presbyteris,
1894 1356 2054 1392 circiter

1100 1417 1294 1460 1‚500,000
1326 1414 1509 1451 catholici
1541 1418 1808 1455 censeantur;
1835 1409 1934 1446 adde
1965 1409 2056 1446 1888

1099 1471 1262 1518 templa,
1279 1469 1477 1517 permulta
1492 1467 1662 1513 collegia
1679 1468 1721 1502 et
1739 1463 1996 1507 monasteria,
2014 1463 2053 1498 in

1098 1525 1234 1572 quibus
1260 1523 1477 1572 praecipue
1503 1518 1762 1563 Benedictini,
1788 1517 2052 1561 Dominicani,

1100 1580 1291 1622 Iesuitae‚
1318 1575 1565 1613 Rosminiani
1597 1574 1739 1620 aliique
1766 1572 1989 1619 Regulares
2015 1576 2055 1607 et

1098 1631 1417 1669 sanctimoniales
1459 1628 1651 1666 iuventuti
1687 1626 1927 1663 erudiendae
1963 1636 2052 1672 ope·

1098 1697 1184 1722 ram
1212 1690 1374 1722 navant·

1144 1740 1204 1776 61.
1228 1738 1435 1774 Ecclesiae
1453 1739 1578 1772 statas
1606 1735 1647 1770 in
1672 1733 1849 1782 Imperio
1877 1733 2053 1769 austria-

1097 1791 1407 1830 co—Conventio
1433 1801 1521 1826 cam
1540 1787 1765 1824 Francisco
1792 1786 2051 1835 Ioseplto—In

1097 1846 1312 1883 Germania
1338 1849 1466 1881 status
1491 1841 1697 1878 Ecclesiae
1724 1852 1802 1876 non
1820 1840 1962 1876 leviter
1981 1841 2051 1876 fuit

1097 1912 1312 1936 concussus
1338 1897 1505 1934 motibus
1531 1895 1668 1931 civicis
1686 1923 1694 1939 ‚
1722 1894 1860 1942 quibus
1885 1892 1975 1929 inde
2002 1893 2050 1929 ab

1096 1965 1198 1990 anno
1226 1953 1317 1990 1846
1354 1950 1563 1998 imperium
1600 1948 1856 1985 Austriacum
1896 1947 2050 1994 aliaque

1094 2008 1287 2056 gubernia
1312 2005 1543 2054 perturbata
1568 2002 1739 2038 suerunt.
2065 2039 2067 2041 ,

1143 2062 1193 2098 In
1219 2060 1388 2097 Auscm'a
1415 2070 1480 2095 res
1505 2069 1553 2094 eo
1580 2055 1755 2099 devenit,
1774 2059 1817 2090 ut
1835 2054 2052 2091 Ferdinan-

1094 2117 1166 2152 dus
1192 2117 1412 2163 Imperator
1429 2112 1588 2148 Vienna
1606 2109 1830 2155 confugerit
1855 2108 2052 2155 Oenipon-

1096 2176 1190 2214 tem,
1217 2174 1257 2205 et
1283 2166 1472 2216 postridie
1499 2163 1684 2201 calendas
1709 2162 1930 2199 decembris
1960 2161 2050 2203 1848

1094 2223 1209 2260 fratri
1241 2234 1311 2259 suo
1344 2220 1561 2257 Francisco
1595 2216 1766 2260 carolo,
1799 2216 1935 2262 hicque
1970 2214 2049 2255 filio

1094 2289 1163 2314 suo
1199 2277 1415 2313 Francisco
1449 2272 1613 2320 Iosepho
1646 2269 1811 2317 imperio
1842 2268 2045 2304 cesserint.

1094 2332 1256 2368 Interim
1271 2334 1425 2378 patrum
1446 2326 1695 2368 Iesuitarum‚
1712 2322 2049 2370 Redemptorista-

1094 2398 1180 2422 rum
1198 2386 1338 2421 domus
1355 2391 1593 2431 suppressae
1610 2380 1782 2421 fuerant,
1794 2377 1948 2423 aliaque
1967 2387 2046 2412 mo·

1095 2439 1270 2476 nasteria
1296 2438 1448 2474 iniuriis
1484 2435 1667 2480 vexisque
1694 2431 1853 2467 affecta.
1881 2430 2046 2466 Verum-

1096 2500 1227 2530 tamen
1245 2491 1442 2529 seditiosis
1459 2487 1676 2526 successive
1694 2483 1886 2532 repressis
1904 2488 1944 2520 et
1962 2484 2046 2520 acie

1093 2548 1221 2591 victis,
1241 2546 1418 2593 publicus
1446 2553 1578 2580 rerum
1605 2540 1699 2576 ordo
1726 2538 1930 2574 restitutus
1957 2538 2042 2574 fuit.

1141 2603 1257 2637 Anno
1286 2600 1392 2642 1849,
1410 2596 1623 2636 secundum
1651 2592 1907 2640 Imperatoris
1923 2591 2048 2628 Fran-

1093 2657 1188 2693 cisci
1216 2655 1369 2701 Iosephi
1398 2657 1531 2688 votum
1550 2678 1559 2692 ,
1587 2646 1770 2695 Episcopi
1800 2645 2046 2681 diversarum

1094 2709 1394 2746 provinciarum
1432 2702 1611 2741 latissimi
1650 2700 1852 2736 Austriaci
1889 2698 2045 2747 imperii

1094 2768 1288 2800 conventa
1314 2762 1547 2799 habuerunt,
1576 2755 1714 2803 quibus
1738 2753 1853 2789 var-ia
1871 2764 1943 2800 pro
1970 2753 2044 2789 uti-

1094 2818 1202 2854 litate
1229 2822 1270 2854 et
1295 2813 1499 2853 Ecclesiae
1526 2811 1710 2846 libertate
1736 2807 1773 2842 in
1802 2806 1966 2853 singulis
1990 2806 2046 2841 di-

1094 2872 1261 2908 tionibus
1287 2866 1561 2904 Memoranda
1589 2862 1696 2899 edita
1722 2865 1826 2897 sunt·
1844 2861 1961 2896 Anno
1987 2871 2044 2896 se-

1094 2926 1227 2973 quenti
1255 2923 1372 2967 (1850)
1402 2923 1618 2967 imperator
1646 2927 1717 2964 per
1746 2914 1909 2951 decreta
1937 2914 1979 2950 18
2005 2919 2043 2950 et

1094 2980 1138 3016 24
1164 2979 1298 3027 aprilis
1324 2976 1372 3013 ad
1399 2973 1601 3011 Ecclesiae
1621 2971 1847 3006 libertatem
1865 2979 2043 3004 asseren-

1093 3035 1196 3075 dam,
1219 3037 1260 3069 et
1285 3032 1373 3067 iura
1399 3025 1657 3068 restituenda,
1675 3034 1774 3071 quae
1803 3023 1852 3058 ab
1878 3021 2046 3069 impera-

1096 3087 1245 3123 toribus
1270 3084 1417 3121 saeculi
1442 3080 1599 3123 XVIII,
1628 3076 1863 3126 praesertim
1894 3086 1918 3111 a
1944 3076 2043 3112 Iose-

1097 3141 1170 3188 pho
1198 3140 1227 3175 II
1256 3139 1292 3175 ei
1318 3138 1485 3184 fuerant,
1502 3132 1704 3179 adempta,
1731 3139 1892 3176 operam
1924 3128 2043 3166 dedit.

1095 3197 1209 3230 Anno
1237 3193 1329 3230 1855
1355 3191 1418 3227 die
1445 3189 1489 3225 18
1520 3185 1675 3234 augusti
1708 3184 1794 3231 pius
1829 3185 2047 3230 imperator

1093 3246 1380 3285 Concordatum
1413 3241 1583 3280 confecit
1609 3250 1696 3274 cum
1730 3237 1910 3272 Romano
1945 3236 2046 3273 Pon-

1096 3301 1200 3337 tifice
1229 3300 1298 3336 Pio
1323 3299 1392 3342 IX,
1413 3295 1515 3345 quod
1542 3294 1573 3330 is
1600 3293 1661 3328 111⁰
1680 3302 1802 3327 nonas
1822 3291 2046 3328 novembris
