<?xml version="1.0" encoding="UTF-8"?>
<!DOCTYPE html PUBLIC "-//W3C//DTD XHTML 1.0 Transitional//EN"
    "http://www.w3.org/TR/xhtml1/DTD/xhtml1-transitional.dtd">
<html xmlns="http://www.w3.org/1999/xhtml" xml:lang="en" lang="en">
 <head>
  <title>
</title>
<meta http-equiv="Content-Type" content="text/html;charset=utf-8" />
  <meta name='ocr-system' content='tesseract 3.04.00' />
  <meta name='ocr-capabilities' content='ocr_page ocr_carea ocr_par ocr_line ocrx_word'/>
</head>
<body>
  <div class='ocr_page' id='page_1' title='image "./historiaeecclesi01wout_0312.png"; bbox 0 0 2241 3473; ppageno 0'>
   <div class='ocr_carea' id='block_1_1' title="bbox 217 102 296 141">
    <p class='ocr_par' dir='ltr' id='par_1_1' title="bbox 217 102 296 141">
     <span class='ocr_line' id='line_1_1' title="bbox 217 102 296 141; baseline -0.013 0"><span class='ocrx_word' id='word_1_1' title='bbox 217 102 296 141; x_wconf 79' lang='lat'>282</span> 
     </span>
    </p>
   </div>
   <div class='ocr_carea' id='block_1_2' title="bbox 160 176 1125 953">
    <p class='ocr_par' dir='ltr' id='par_1_2' title="bbox 160 176 1123 846">
     <span class='ocr_line' id='line_1_2' title="bbox 162 176 1122 215; baseline -0.001 0"><span class='ocrx_word' id='word_1_2' title='bbox 162 179 329 215; x_wconf 86' lang='lat' dir='ltr'>rendum</span> <span class='ocrx_word' id='word_1_3' title='bbox 357 177 501 215; x_wconf 88' lang='lat' dir='ltr'>librum</span> <span class='ocrx_word' id='word_1_4' title='bbox 530 187 643 213; x_wconf 90' lang='lat' dir='ltr'>suum</span> <span class='ocrx_word' id='word_1_5' title='bbox 681 176 856 214; x_wconf 87' lang='lat' dir='ltr'>adduxit.</span> <span class='ocrx_word' id='word_1_6' title='bbox 892 176 1122 214; x_wconf 85' lang='lat' dir='ltr'>Gerularius</span> 
     </span>
     <span class='ocr_line' id='line_1_3' title="bbox 164 228 1123 279; baseline -0.002 -11"><span class='ocrx_word' id='word_1_7' title='bbox 164 243 259 268; x_wconf 87' lang='lat' dir='ltr'>vero</span> <span class='ocrx_word' id='word_1_8' title='bbox 273 232 423 279; x_wconf 82' lang='lat' dir='ltr'>legatos</span> <span class='ocrx_word' id='word_1_9' title='bbox 435 228 638 266; x_wconf 88' lang='lat' dir='ltr'>Pontificis</span> <span class='ocrx_word' id='word_1_10' title='bbox 655 240 702 265; x_wconf 88' lang='lat' dir='ltr'>ne</span> <span class='ocrx_word' id='word_1_11' title='bbox 718 229 766 265; x_wconf 87' lang='lat' dir='ltr'>ad</span> <span class='ocrx_word' id='word_1_12' title='bbox 778 231 1028 277; x_wconf 90' lang='lat' dir='ltr'>conspectum</span> <span class='ocrx_word' id='word_1_13' title='bbox 1040 230 1123 278; x_wconf 88' lang='lat' dir='ltr'>qui—</span> 
     </span>
     <span class='ocr_line' id='line_1_4' title="bbox 164 280 1123 328; baseline 0.001 -8"><span class='ocrx_word' id='word_1_14' title='bbox 164 284 251 320; x_wconf 92' lang='lat' dir='ltr'>dem</span> <span class='ocrx_word' id='word_1_15' title='bbox 271 295 385 321; x_wconf 88' lang='lat' dir='ltr'>suum</span> <span class='ocrx_word' id='word_1_16' title='bbox 405 281 572 319; x_wconf 88' lang='lat' dir='ltr'>admisit.</span> <span class='ocrx_word' id='word_1_17' title='bbox 590 281 640 317; x_wconf 93' lang='lat' dir='ltr'>Hi</span> <span class='ocrx_word' id='word_1_18' title='bbox 662 280 787 328; x_wconf 82' lang='lat' dir='ltr'>igitur</span> <span class='ocrx_word' id='word_1_19' title='bbox 802 281 996 328; x_wconf 88' lang='lat' dir='ltr'>videntes,</span> <span class='ocrx_word' id='word_1_20' title='bbox 1013 282 1123 322; x_wconf 87' lang='lat' dir='ltr'>illum</span> 
     </span>
     <span class='ocr_line' id='line_1_5' title="bbox 163 333 1122 383; baseline -0.001 -10"><span class='ocrx_word' id='word_1_21' title='bbox 163 347 317 373; x_wconf 89' lang='lat' dir='ltr'>omnem</span> <span class='ocrx_word' id='word_1_22' title='bbox 347 333 704 382; x_wconf 89' lang='lat' dir='ltr'>componendorum</span> <span class='ocrx_word' id='word_1_23' title='bbox 735 334 988 372; x_wconf 81' lang='lat' dir='ltr'>dissidiorum</span> <span class='ocrx_word' id='word_1_24' title='bbox 1014 346 1122 383; x_wconf 87' lang='lat' dir='ltr'>spem</span> 
     </span>
     <span class='ocr_line' id='line_1_6' title="bbox 163 385 1123 437; baseline -0.001 -12"><span class='ocrx_word' id='word_1_25' title='bbox 163 388 399 437; x_wconf 86' lang='lat' dir='ltr'>praecidere,</span> <span class='ocrx_word' id='word_1_26' title='bbox 419 387 460 423; x_wconf 90' lang='lat' dir='ltr'>in</span> <span class='ocrx_word' id='word_1_27' title='bbox 481 385 650 423; x_wconf 89' lang='lat' dir='ltr'>ecclesia</span> <span class='ocrx_word' id='word_1_28' title='bbox 669 397 698 424; x_wconf 91' lang='lat' dir='ltr'>s.</span> <span class='ocrx_word' id='word_1_29' title='bbox 720 387 889 435; x_wconf 83' lang='lat' dir='ltr'>Sophiae</span> <span class='ocrx_word' id='word_1_30' title='bbox 911 390 1002 425; x_wconf 86' lang='lat' dir='ltr'>ante</span> <span class='ocrx_word' id='word_1_31' title='bbox 1025 388 1123 424; x_wconf 87' lang='lat' dir='ltr'>mis-</span> 
     </span>
     <span class='ocr_line' id='line_1_7' title="bbox 163 438 1120 488; baseline -0.001 -10"><span class='ocrx_word' id='word_1_32' title='bbox 163 451 292 478; x_wconf 88' lang='lat' dir='ltr'>sarum</span> <span class='ocrx_word' id='word_1_33' title='bbox 309 438 496 476; x_wconf 89' lang='lat' dir='ltr'>solemnia</span> <span class='ocrx_word' id='word_1_34' title='bbox 525 441 663 476; x_wconf 87' lang='lat' dir='ltr'>contra</span> <span class='ocrx_word' id='word_1_35' title='bbox 683 440 924 477; x_wconf 89' lang='lat' dir='ltr'>obstinatum</span> <span class='ocrx_word' id='word_1_36' title='bbox 944 440 1120 488; x_wconf 87' lang='lat' dir='ltr'>patriar-</span> 
     </span>
     <span class='ocr_line' id='line_1_8' title="bbox 163 492 1122 540; baseline -0.001 -10"><span class='ocrx_word' id='word_1_37' title='bbox 163 494 277 530; x_wconf 84' lang='lat' dir='ltr'>cham</span> <span class='ocrx_word' id='word_1_38' title='bbox 305 492 491 540; x_wconf 89' lang='lat' dir='ltr'>seriptam</span> <span class='ocrx_word' id='word_1_39' title='bbox 521 492 938 530; x_wconf 77' lang='lat' dir='ltr'>excommunicationis</span> <span class='ocrx_word' id='word_1_40' title='bbox 969 495 1122 530; x_wconf 90' lang='lat' dir='ltr'>senten-</span> 
     </span>
     <span class='ocr_line' id='line_1_9' title="bbox 162 545 1122 594; baseline 0 -12"><span class='ocrx_word' id='word_1_41' title='bbox 162 546 258 582; x_wconf 90' lang='lat' dir='ltr'>tiam</span> <span class='ocrx_word' id='word_1_42' title='bbox 276 546 489 594; x_wconf 90' lang='lat' dir='ltr'>posuerunt</span> <span class='ocrx_word' id='word_1_43' title='bbox 504 555 622 592; x_wconf 88' lang='lat' dir='ltr'>supra</span> <span class='ocrx_word' id='word_1_44' title='bbox 638 545 763 582; x_wconf 88' lang='lat' dir='ltr'>altare</span> <span class='ocrx_word' id='word_1_45' title='bbox 781 545 1122 594; x_wconf 89' lang='lat' dir='ltr'>principale,dein-</span> 
     </span>
     <span class='ocr_line' id='line_1_10' title="bbox 160 597 1120 649; baseline 0 -14"><span class='ocrx_word' id='word_1_46' title='bbox 160 599 219 644; x_wconf 90' lang='lat' dir='ltr'>de,</span> <span class='ocrx_word' id='word_1_47' title='bbox 242 599 478 646; x_wconf 76' lang='lat' dir='ltr'>imperatore</span> <span class='ocrx_word' id='word_1_48' title='bbox 500 600 539 634; x_wconf 92' lang='lat' dir='ltr'>et</span> <span class='ocrx_word' id='word_1_49' title='bbox 560 597 813 645; x_wconf 78' lang='lat' dir='ltr'>optimatibus</span> <span class='ocrx_word' id='word_1_50' title='bbox 834 599 1120 649; x_wconf 88' lang='lat' dir='ltr'>praesentibus,</span> 
     </span>
     <span class='ocr_line' id='line_1_11' title="bbox 162 650 1123 699; baseline 0.001 -12"><span class='ocrx_word' id='word_1_51' title='bbox 162 651 371 687; x_wconf 88' lang='lat' dir='ltr'>anathema</span> <span class='ocrx_word' id='word_1_52' title='bbox 392 650 702 698; x_wconf 82' lang='lat' dir='ltr'>pronuntiarunt</span> <span class='ocrx_word' id='word_1_53' title='bbox 721 653 861 689; x_wconf 88' lang='lat' dir='ltr'>contra</span> <span class='ocrx_word' id='word_1_54' title='bbox 882 663 1034 697; x_wconf 91' lang='lat' dir='ltr'>omnes,</span> <span class='ocrx_word' id='word_1_55' title='bbox 1054 652 1123 699; x_wconf 87' lang='lat' dir='ltr'>qui</span> 
     </span>
     <span class='ocr_line' id='line_1_12' title="bbox 160 703 1122 753; baseline 0.003 -14"><span class='ocrx_word' id='word_1_56' title='bbox 160 703 277 740; x_wconf 87' lang='lat' dir='ltr'>fidem</span> <span class='ocrx_word' id='word_1_57' title='bbox 316 704 364 741; x_wconf 88' lang='lat' dir='ltr'>R.</span> <span class='ocrx_word' id='word_1_58' title='bbox 386 703 584 741; x_wconf 87' lang='lat' dir='ltr'>Ecclesiae</span> <span class='ocrx_word' id='word_1_59' title='bbox 613 704 876 752; x_wconf 85' lang='lat' dir='ltr'>pervicaciter</span> <span class='ocrx_word' id='word_1_60' title='bbox 905 704 1122 753; x_wconf 82' lang='lat' dir='ltr'>impugna-</span> 
     </span>
     <span class='ocr_line' id='line_1_13' title="bbox 160 755 1121 806; baseline 0.001 -13"><span class='ocrx_word' id='word_1_61' title='bbox 160 758 259 793; x_wconf 85' lang='lat' dir='ltr'>rent.</span> <span class='ocrx_word' id='word_1_62' title='bbox 294 756 362 793; x_wconf 93' lang='lat' dir='ltr'>His</span> <span class='ocrx_word' id='word_1_63' title='bbox 395 755 509 793; x_wconf 85' lang='lat' dir='ltr'>factis</span> <span class='ocrx_word' id='word_1_64' title='bbox 542 756 662 805; x_wconf 82' lang='lat' dir='ltr'>legati</span> <span class='ocrx_word' id='word_1_65' title='bbox 701 757 740 794; x_wconf 91' lang='lat' dir='ltr'>in</span> <span class='ocrx_word' id='word_1_66' title='bbox 780 757 935 795; x_wconf 89' lang='lat' dir='ltr'>Italiam</span> <span class='ocrx_word' id='word_1_67' title='bbox 969 768 1121 806; x_wconf 83' lang='lat' dir='ltr'>regres-</span> 
     </span>
     <span class='ocr_line' id='line_1_14' title="bbox 161 808 315 846; baseline 0.006 -1"><span class='ocrx_word' id='word_1_68' title='bbox 161 808 193 845; x_wconf 92' lang='lat' dir='ltr'>si</span> <span class='ocrx_word' id='word_1_69' title='bbox 213 811 315 846; x_wconf 90' lang='lat' dir='ltr'>sunt.</span> 
     </span>
    </p>

    <p class='ocr_par' dir='ltr' id='par_1_3' title="bbox 163 861 1125 953">
     <span class='ocr_line' id='line_1_15' title="bbox 212 861 1125 900; baseline 0.002 -2"><span class='ocrx_word' id='word_1_70' title='bbox 212 861 309 899; x_wconf 92' lang='lat' dir='ltr'>Post</span> <span class='ocrx_word' id='word_1_71' title='bbox 347 872 484 899; x_wconf 91' lang='lat' dir='ltr'>eorum</span> <span class='ocrx_word' id='word_1_72' title='bbox 517 861 733 900; x_wconf 84' lang='lat' dir='ltr'>discessum</span> <span class='ocrx_word' id='word_1_73' title='bbox 764 863 936 900; x_wconf 76' lang='lat' dir='ltr'>Michael</span> <span class='ocrx_word' id='word_1_74' title='bbox 965 862 1125 900; x_wconf 83' lang='lat' dir='ltr'>Gerula-</span> 
     </span>
     <span class='ocr_line' id='line_1_16' title="bbox 163 914 1124 953; baseline 0.002 -2"><span class='ocrx_word' id='word_1_75' title='bbox 163 914 244 952; x_wconf 87' lang='lat' dir='ltr'>rius</span> <span class='ocrx_word' id='word_1_76' title='bbox 279 917 417 953; x_wconf 88' lang='lat' dir='ltr'>contra</span> <span class='ocrx_word' id='word_1_77' title='bbox 445 915 602 952; x_wconf 85' lang='lat' dir='ltr'>litteras</span> <span class='ocrx_word' id='word_1_78' title='bbox 630 916 1052 953; x_wconf 83' lang='lat' dir='ltr'>excommunicatorias</span> <span class='ocrx_word' id='word_1_79' title='bbox 1073 916 1124 952; x_wconf 92' lang='lat' dir='ltr'>le-</span> 
     </span>
    </p>
   </div>
   <div class='ocr_carea' id='block_1_3' title="bbox 76 968 1124 1021">
    <p class='ocr_par' dir='ltr' id='par_1_4' title="bbox 76 968 1124 1021">
     <span class='ocr_line' id='line_1_17' title="bbox 76 968 1124 1021; baseline 0.002 -17"><span class='ocrx_word' id='word_1_80' title='bbox 76 978 106 999; x_wconf 87' lang='lat'>-·</span> <span class='ocrx_word' id='word_1_81' title='bbox 163 970 358 1016; x_wconf 85' lang='lat' dir='ltr'>gatorum,</span> <span class='ocrx_word' id='word_1_82' title='bbox 388 980 483 1017; x_wconf 90' lang='lat' dir='ltr'>quos</span> <span class='ocrx_word' id='word_1_83' title='bbox 512 980 536 1006; x_wconf 87' lang='lat' dir='ltr'>a</span> <span class='ocrx_word' id='word_1_84' title='bbox 564 968 758 1021; x_wconf 78' lang='lat' dir='ltr'>Pontifice</span> <span class='ocrx_word' id='word_1_85' title='bbox 779 970 918 1006; x_wconf 89' lang='lat' dir='ltr'>missos</span> <span class='ocrx_word' id='word_1_86' title='bbox 940 969 1124 1018; x_wconf 81' lang='lat' dir='ltr'>negabat,</span> 
     </span>
    </p>
   </div>
   <div class='ocr_carea' id='block_1_4' title="bbox 161 1022 1127 2767">
    <p class='ocr_par' dir='ltr' id='par_1_5' title="bbox 161 1022 1126 2290">
     <span class='ocr_line' id='line_1_18' title="bbox 164 1022 1126 1071; baseline 0.001 -14"><span class='ocrx_word' id='word_1_87' title='bbox 164 1023 204 1057; x_wconf 87' lang='lat' dir='ltr'>et</span> <span class='ocrx_word' id='word_1_88' title='bbox 232 1023 373 1058; x_wconf 89' lang='lat' dir='ltr'>contra</span> <span class='ocrx_word' id='word_1_89' title='bbox 401 1032 547 1069; x_wconf 88' lang='lat' dir='ltr'>omnes,</span> <span class='ocrx_word' id='word_1_90' title='bbox 569 1022 634 1069; x_wconf 87' lang='lat' dir='ltr'>qui</span> <span class='ocrx_word' id='word_1_91' title='bbox 666 1022 721 1060; x_wconf 89' lang='lat' dir='ltr'>eis</span> <span class='ocrx_word' id='word_1_92' title='bbox 743 1023 1020 1071; x_wconf 88' lang='lat' dir='ltr'>componendis</span> <span class='ocrx_word' id='word_1_93' title='bbox 1041 1033 1126 1070; x_wconf 91' lang='lat' dir='ltr'>par-</span> 
     </span>
     <span class='ocr_line' id='line_1_19' title="bbox 163 1074 1124 1124; baseline 0.002 -14"><span class='ocrx_word' id='word_1_94' title='bbox 163 1075 244 1111; x_wconf 90' lang='lat' dir='ltr'>tem</span> <span class='ocrx_word' id='word_1_95' title='bbox 259 1074 475 1111; x_wconf 88' lang='lat' dir='ltr'>habuerint</span> <span class='ocrx_word' id='word_1_96' title='bbox 491 1075 704 1112; x_wconf 86' lang='lat' dir='ltr'>anathema</span> <span class='ocrx_word' id='word_1_97' title='bbox 720 1075 1005 1124; x_wconf 81' lang='lat' dir='ltr'>pronuntiavit3</span> <span class='ocrx_word' id='word_1_98' title='bbox 1021 1078 1061 1112; x_wconf 89' lang='lat' dir='ltr'>et</span> <span class='ocrx_word' id='word_1_99' title='bbox 1076 1075 1124 1111; x_wconf 89' lang='lat' dir='ltr'>ad</span> 
     </span>
     <span class='ocr_line' id='line_1_20' title="bbox 163 1126 1126 1174; baseline 0.002 -11"><span class='ocrx_word' id='word_1_100' title='bbox 163 1126 296 1163; x_wconf 89' lang='lat' dir='ltr'>odium</span> <span class='ocrx_word' id='word_1_101' title='bbox 312 1129 449 1164; x_wconf 88' lang='lat' dir='ltr'>contra</span> <span class='ocrx_word' id='word_1_102' title='bbox 465 1129 669 1165; x_wconf 88' lang='lat' dir='ltr'>ecclesiam</span> <span class='ocrx_word' id='word_1_103' title='bbox 686 1128 882 1174; x_wconf 82' lang='lat' dir='ltr'>Latinam,</span> <span class='ocrx_word' id='word_1_104' title='bbox 902 1130 941 1165; x_wconf 91' lang='lat' dir='ltr'>et</span> <span class='ocrx_word' id='word_1_105' title='bbox 957 1128 1126 1165; x_wconf 79' lang='lat' dir='ltr'>schisma</span> 
     </span>
     <span class='ocr_line' id='line_1_21' title="bbox 162 1181 1124 1230; baseline 0.002 -14"><span class='ocrx_word' id='word_1_106' title='bbox 162 1182 472 1229; x_wconf 84' lang='lat' dir='ltr'>propagandum,</span> <span class='ocrx_word' id='word_1_107' title='bbox 494 1181 702 1230; x_wconf 90' lang='lat' dir='ltr'>epistolam</span> <span class='ocrx_word' id='word_1_108' title='bbox 717 1181 874 1230; x_wconf 87' lang='lat' dir='ltr'>scripsit</span> <span class='ocrx_word' id='word_1_109' title='bbox 892 1182 941 1219; x_wconf 91' lang='lat' dir='ltr'>ad</span> <span class='ocrx_word' id='word_1_110' title='bbox 958 1182 1124 1218; x_wconf 89' lang='lat' dir='ltr'>Petrum</span> 
     </span>
     <span class='ocr_line' id='line_1_22' title="bbox 162 1233 1124 1283; baseline 0 -13"><span class='ocrx_word' id='word_1_111' title='bbox 162 1233 430 1282; x_wconf 85' lang='lat' dir='ltr'>patriarcham</span> <span class='ocrx_word' id='word_1_112' title='bbox 458 1234 763 1281; x_wconf 86' lang='lat' dir='ltr'>Antiochenum,</span> <span class='ocrx_word' id='word_1_113' title='bbox 783 1235 823 1271; x_wconf 89' lang='lat' dir='ltr'>in</span> <span class='ocrx_word' id='word_1_114' title='bbox 853 1246 930 1282; x_wconf 91' lang='lat' dir='ltr'>qua</span> <span class='ocrx_word' id='word_1_115' title='bbox 957 1246 1124 1283; x_wconf 86' lang='lat' dir='ltr'>conque-</span> 
     </span>
     <span class='ocr_line' id='line_1_23' title="bbox 162 1287 1123 1336; baseline 0.001 -13"><span class='ocrx_word' id='word_1_116' title='bbox 162 1287 246 1323; x_wconf 84' lang='lat' dir='ltr'>stus</span> <span class='ocrx_word' id='word_1_117' title='bbox 265 1288 338 1332; x_wconf 89' lang='lat' dir='ltr'>est,</span> <span class='ocrx_word' id='word_1_118' title='bbox 351 1287 454 1335; x_wconf 88' lang='lat' dir='ltr'>quod</span> <span class='ocrx_word' id='word_1_119' title='bbox 474 1288 724 1336; x_wconf 83' lang='lat' dir='ltr'>patriarchae</span> <span class='ocrx_word' id='word_1_120' title='bbox 741 1287 964 1325; x_wconf 89' lang='lat' dir='ltr'>Orientales</span> <span class='ocrx_word' id='word_1_121' title='bbox 985 1299 1123 1325; x_wconf 89' lang='lat' dir='ltr'>nomen</span> 
     </span>
     <span class='ocr_line' id='line_1_24' title="bbox 163 1339 1123 1390; baseline 0.001 -14"><span class='ocrx_word' id='word_1_122' title='bbox 163 1339 366 1377; x_wconf 88' lang='lat' dir='ltr'>Pontificis</span> <span class='ocrx_word' id='word_1_123' title='bbox 386 1340 426 1377; x_wconf 89' lang='lat' dir='ltr'>in</span> <span class='ocrx_word' id='word_1_124' title='bbox 456 1341 578 1378; x_wconf 89' lang='lat' dir='ltr'>sacris</span> <span class='ocrx_word' id='word_1_125' title='bbox 607 1341 805 1390; x_wconf 84' lang='lat' dir='ltr'>diptychis</span> <span class='ocrx_word' id='word_1_126' title='bbox 826 1343 1123 1387; x_wconf 81' lang='lat' dir='ltr'>conservarent,</span> 
     </span>
     <span class='ocr_line' id='line_1_25' title="bbox 163 1392 1125 1443; baseline 0.002 -14"><span class='ocrx_word' id='word_1_127' title='bbox 163 1393 204 1429; x_wconf 91' lang='lat' dir='ltr'>et</span> <span class='ocrx_word' id='word_1_128' title='bbox 224 1404 314 1429; x_wconf 88' lang='lat' dir='ltr'>cum</span> <span class='ocrx_word' id='word_1_129' title='bbox 334 1392 528 1442; x_wconf 82' lang='lat' dir='ltr'>Azymitis</span> <span class='ocrx_word' id='word_1_130' title='bbox 551 1394 905 1441; x_wconf 57' lang='lat' dir='ltr'>communicarent,</span> <span class='ocrx_word' id='word_1_131' title='bbox 919 1396 1125 1443; x_wconf 90' lang='lat' dir='ltr'>praeterea</span> 
     </span>
     <span class='ocr_line' id='line_1_26' title="bbox 162 1447 1123 1496; baseline 0.002 -14"><span class='ocrx_word' id='word_1_132' title='bbox 162 1457 265 1483; x_wconf 90' lang='lat' dir='ltr'>nova</span> <span class='ocrx_word' id='word_1_133' title='bbox 304 1448 443 1483; x_wconf 89' lang='lat' dir='ltr'>contra</span> <span class='ocrx_word' id='word_1_134' title='bbox 480 1447 643 1484; x_wconf 89' lang='lat' dir='ltr'>Latinos</span> <span class='ocrx_word' id='word_1_135' title='bbox 682 1447 892 1496; x_wconf 87' lang='lat' dir='ltr'>opprobria</span> <span class='ocrx_word' id='word_1_136' title='bbox 931 1447 1123 1496; x_wconf 88' lang='lat' dir='ltr'>protulit,</span> 
     </span>
     <span class='ocr_line' id='line_1_27' title="bbox 162 1499 1124 1549; baseline 0.002 -14"><span class='ocrx_word' id='word_1_137' title='bbox 162 1499 395 1547; x_wconf 88' lang='lat' dir='ltr'>praesertim</span> <span class='ocrx_word' id='word_1_138' title='bbox 429 1500 531 1547; x_wconf 89' lang='lat' dir='ltr'>quod</span> <span class='ocrx_word' id='word_1_139' title='bbox 565 1500 743 1548; x_wconf 81' lang='lat' dir='ltr'>symbolo</span> <span class='ocrx_word' id='word_1_140' title='bbox 780 1500 845 1549; x_wconf 92' lang='lat' dir='ltr'>Cp.</span> <span class='ocrx_word' id='word_1_141' title='bbox 882 1500 1124 1537; x_wconf 87' lang='lat' dir='ltr'>addidissent</span> 
     </span>
     <span class='ocr_line' id='line_1_28' title="bbox 161 1552 1124 1602; baseline 0.001 -14"><span class='ocrx_word' id='word_1_142' title='bbox 161 1563 296 1588; x_wconf 88' lang='lat' dir='ltr'>vocem</span> <span class='ocrx_word' id='word_1_143' title='bbox 331 1552 540 1601; x_wconf 69' lang='lat' dir='ltr'>Filioque.</span> <span class='ocrx_word' id='word_1_144' title='bbox 575 1552 792 1602; x_wconf 84' lang='lat' dir='ltr'>Respondit</span> <span class='ocrx_word' id='word_1_145' title='bbox 828 1553 970 1590; x_wconf 90' lang='lat' dir='ltr'>Petrus</span> <span class='ocrx_word' id='word_1_146' title='bbox 989 1553 1124 1590; x_wconf 92' lang='lat' dir='ltr'>Antio-</span> 
     </span>
     <span class='ocr_line' id='line_1_29' title="bbox 162 1604 1123 1656; baseline 0.002 -15"><span class='ocrx_word' id='word_1_147' title='bbox 162 1604 310 1642; x_wconf 90' lang='lat' dir='ltr'>chenus</span> <span class='ocrx_word' id='word_1_148' title='bbox 327 1634 337 1651; x_wconf 92' lang='lat'>,</span> <span class='ocrx_word' id='word_1_149' title='bbox 357 1604 567 1654; x_wconf 86' lang='lat' dir='ltr'>plerasque</span> <span class='ocrx_word' id='word_1_150' title='bbox 600 1617 664 1643; x_wconf 88' lang='lat' dir='ltr'>res</span> <span class='ocrx_word' id='word_1_151' title='bbox 680 1636 689 1653; x_wconf 95' lang='lat'>,</span> <span class='ocrx_word' id='word_1_152' title='bbox 710 1618 812 1656; x_wconf 87' lang='lat' dir='ltr'>quae</span> <span class='ocrx_word' id='word_1_153' title='bbox 847 1606 999 1643; x_wconf 86' lang='lat' dir='ltr'>Latinis</span> <span class='ocrx_word' id='word_1_154' title='bbox 1026 1605 1123 1643; x_wconf 87' lang='lat' dir='ltr'>vitio</span> 
     </span>
     <span class='ocr_line' id='line_1_30' title="bbox 162 1658 1123 1708; baseline 0.001 -13"><span class='ocrx_word' id='word_1_155' title='bbox 162 1658 432 1705; x_wconf 77' lang='lat' dir='ltr'>vertebantur,</span> <span class='ocrx_word' id='word_1_156' title='bbox 452 1670 539 1696; x_wconf 87' lang='lat' dir='ltr'>esse</span> <span class='ocrx_word' id='word_1_157' title='bbox 569 1659 703 1708; x_wconf 83' lang='lat' dir='ltr'>exigui</span> <span class='ocrx_word' id='word_1_158' title='bbox 733 1659 921 1696; x_wconf 85' lang='lat' dir='ltr'>momenti</span> <span class='ocrx_word' id='word_1_159' title='bbox 952 1660 992 1696; x_wconf 83' lang='lat' dir='ltr'>et</span> <span class='ocrx_word' id='word_1_160' title='bbox 1020 1659 1123 1696; x_wconf 91' lang='lat' dir='ltr'>tole-</span> 
     </span>
     <span class='ocr_line' id='line_1_31' title="bbox 162 1711 1123 1761; baseline 0.001 -14"><span class='ocrx_word' id='word_1_161' title='bbox 162 1711 319 1757; x_wconf 83' lang='lat' dir='ltr'>randas,</span> <span class='ocrx_word' id='word_1_162' title='bbox 330 1711 425 1749; x_wconf 92' lang='lat' dir='ltr'>illud</span> <span class='ocrx_word' id='word_1_163' title='bbox 438 1712 596 1760; x_wconf 87' lang='lat' dir='ltr'>quidem</span> <span class='ocrx_word' id='word_1_164' title='bbox 609 1724 685 1749; x_wconf 91' lang='lat' dir='ltr'>non</span> <span class='ocrx_word' id='word_1_165' title='bbox 698 1724 780 1750; x_wconf 89' lang='lat' dir='ltr'>esse</span> <span class='ocrx_word' id='word_1_166' title='bbox 792 1713 1049 1761; x_wconf 87' lang='lat' dir='ltr'>probandum,</span> <span class='ocrx_word' id='word_1_167' title='bbox 1061 1712 1123 1749; x_wconf 89' lang='lat' dir='ltr'>ad-</span> 
     </span>
     <span class='ocr_line' id='line_1_32' title="bbox 163 1763 1124 1816; baseline 0.001 -15"><span class='ocrx_word' id='word_1_168' title='bbox 163 1763 426 1802; x_wconf 88' lang='lat' dir='ltr'>ditamentum</span> <span class='ocrx_word' id='word_1_169' title='bbox 449 1765 555 1802; x_wconf 89' lang='lat' dir='ltr'>vocis</span> <span class='ocrx_word' id='word_1_170' title='bbox 575 1766 776 1814; x_wconf 76' lang='lat' dir='ltr'>Filioque,</span> <span class='ocrx_word' id='word_1_171' title='bbox 794 1765 861 1803; x_wconf 89' lang='lat' dir='ltr'>sed</span> <span class='ocrx_word' id='word_1_172' title='bbox 879 1765 967 1816; x_wconf 87' lang='lat' dir='ltr'>ideo</span> <span class='ocrx_word' id='word_1_173' title='bbox 987 1776 1124 1814; x_wconf 87' lang='lat' dir='ltr'>pacem</span> 
     </span>
     <span class='ocr_line' id='line_1_33' title="bbox 162 1818 1123 1867; baseline 0.002 -14"><span class='ocrx_word' id='word_1_174' title='bbox 162 1819 231 1854; x_wconf 89' lang='lat' dir='ltr'>aut</span> <span class='ocrx_word' id='word_1_175' title='bbox 253 1818 436 1855; x_wconf 90' lang='lat' dir='ltr'>unionem</span> <span class='ocrx_word' id='word_1_176' title='bbox 452 1819 558 1855; x_wconf 89' lang='lat' dir='ltr'>haud</span> <span class='ocrx_word' id='word_1_177' title='bbox 580 1830 665 1856; x_wconf 87' lang='lat' dir='ltr'>esse</span> <span class='ocrx_word' id='word_1_178' title='bbox 686 1818 958 1867; x_wconf 86' lang='lat' dir='ltr'>rumpendam.</span> <span class='ocrx_word' id='word_1_179' title='bbox 971 1818 1123 1856; x_wconf 90' lang='lat' dir='ltr'>Verum</span> 
     </span>
     <span class='ocr_line' id='line_1_34' title="bbox 163 1870 1123 1918; baseline 0.002 -12"><span class='ocrx_word' id='word_1_180' title='bbox 163 1870 389 1908; x_wconf 88' lang='lat' dir='ltr'>Cerularius</span> <span class='ocrx_word' id='word_1_181' title='bbox 418 1871 522 1909; x_wconf 87' lang='lat' dir='ltr'>istud</span> <span class='ocrx_word' id='word_1_182' title='bbox 543 1872 748 1909; x_wconf 80' lang='lat' dir='ltr'>consilium</span> <span class='ocrx_word' id='word_1_183' title='bbox 771 1871 931 1909; x_wconf 88' lang='lat' dir='ltr'>minime</span> <span class='ocrx_word' id='word_1_184' title='bbox 951 1873 1123 1918; x_wconf 89' lang='lat' dir='ltr'>secutus,</span> 
     </span>
     <span class='ocr_line' id='line_1_35' title="bbox 163 1924 1124 1974; baseline 0.002 -15"><span class='ocrx_word' id='word_1_185' title='bbox 163 1924 346 1972; x_wconf 84' lang='lat' dir='ltr'>augendo</span> <span class='ocrx_word' id='word_1_186' title='bbox 365 1924 568 1962; x_wconf 88' lang='lat' dir='ltr'>schismati</span> <span class='ocrx_word' id='word_1_187' title='bbox 584 1925 738 1962; x_wconf 84' lang='lat' dir='ltr'>studuit</span> <span class='ocrx_word' id='word_1_188' title='bbox 755 1937 879 1974; x_wconf 88' lang='lat' dir='ltr'>usque</span> <span class='ocrx_word' id='word_1_189' title='bbox 895 1925 942 1962; x_wconf 91' lang='lat' dir='ltr'>ad</span> <span class='ocrx_word' id='word_1_190' title='bbox 961 1925 1124 1971; x_wconf 83' lang='lat' dir='ltr'>obitum3</span> 
     </span>
     <span class='ocr_line' id='line_1_36' title="bbox 163 1978 1123 2027; baseline 0.002 -15"><span class='ocrx_word' id='word_1_191' title='bbox 163 1987 241 2012; x_wconf 89' lang='lat' dir='ltr'>non</span> <span class='ocrx_word' id='word_1_192' title='bbox 261 1978 418 2014; x_wconf 86' lang='lat' dir='ltr'>tantum</span> <span class='ocrx_word' id='word_1_193' title='bbox 439 1978 667 2015; x_wconf 85' lang='lat' dir='ltr'>retinendae</span> <span class='ocrx_word' id='word_1_194' title='bbox 689 1978 981 2027; x_wconf 86' lang='lat' dir='ltr'>patriarchicae</span> <span class='ocrx_word' id='word_1_195' title='bbox 1002 1978 1123 2026; x_wconf 81' lang='lat' dir='ltr'>digni-</span> 
     </span>
     <span class='ocr_line' id='line_1_37' title="bbox 162 2028 1123 2080; baseline 0.002 -14"><span class='ocrx_word' id='word_1_196' title='bbox 162 2028 256 2066; x_wconf 85' lang='lat' dir='ltr'>tatis</span> <span class='ocrx_word' id='word_1_197' title='bbox 285 2030 353 2066; x_wconf 86' lang='lat' dir='ltr'>scd</span> <span class='ocrx_word' id='word_1_198' title='bbox 383 2031 503 2067; x_wconf 90' lang='lat' dir='ltr'>etiam</span> <span class='ocrx_word' id='word_1_199' title='bbox 523 2031 805 2080; x_wconf 84' lang='lat' dir='ltr'>imperatoriae</span> <span class='ocrx_word' id='word_1_200' title='bbox 827 2031 1030 2080; x_wconf 87' lang='lat' dir='ltr'>potestatis</span> <span class='ocrx_word' id='word_1_201' title='bbox 1051 2031 1123 2068; x_wconf 92' lang='lat' dir='ltr'>ob-</span> 
     </span>
     <span class='ocr_line' id='line_1_38' title="bbox 162 2082 1124 2133; baseline 0.002 -14"><span class='ocrx_word' id='word_1_202' title='bbox 162 2082 344 2121; x_wconf 85' lang='lat' dir='ltr'>tinendae</span> <span class='ocrx_word' id='word_1_203' title='bbox 365 2083 652 2132; x_wconf 85' lang='lat' dir='ltr'>cupidissimus,</span> <span class='ocrx_word' id='word_1_204' title='bbox 672 2096 733 2122; x_wconf 88' lang='lat' dir='ltr'>an.</span> <span class='ocrx_word' id='word_1_205' title='bbox 759 2085 859 2122; x_wconf 82' lang='lat'>1059</span> <span class='ocrx_word' id='word_1_206' title='bbox 880 2086 1038 2133; x_wconf 90' lang='lat' dir='ltr'>propter</span> <span class='ocrx_word' id='word_1_207' title='bbox 1058 2095 1124 2121; x_wconf 91' lang='lat' dir='ltr'>se-</span> 
     </span>
     <span class='ocr_line' id='line_1_39' title="bbox 162 2134 1125 2188; baseline 0.003 -16"><span class='ocrx_word' id='word_1_208' title='bbox 162 2134 324 2188; x_wconf 73' lang='lat' dir='ltr'>ditiosos</span> <span class='ocrx_word' id='word_1_209' title='bbox 344 2139 508 2174; x_wconf 90' lang='lat' dir='ltr'>conatus</span> <span class='ocrx_word' id='word_1_210' title='bbox 537 2137 586 2174; x_wconf 91' lang='lat' dir='ltr'>ab</span> <span class='ocrx_word' id='word_1_211' title='bbox 616 2137 854 2186; x_wconf 87' lang='lat' dir='ltr'>imperatore</span> <span class='ocrx_word' id='word_1_212' title='bbox 875 2138 985 2175; x_wconf 86' lang='lat' dir='ltr'>Isaac</span> <span class='ocrx_word' id='word_1_213' title='bbox 1005 2138 1125 2175; x_wconf 90' lang='lat' dir='ltr'>Com-</span> 
     </span>
     <span class='ocr_line' id='line_1_40' title="bbox 162 2189 1122 2239; baseline 0.002 -15"><span class='ocrx_word' id='word_1_214' title='bbox 162 2199 262 2225; x_wconf 89' lang='lat' dir='ltr'>neno</span> <span class='ocrx_word' id='word_1_215' title='bbox 295 2189 335 2225; x_wconf 93' lang='lat' dir='ltr'>in</span> <span class='ocrx_word' id='word_1_216' title='bbox 369 2189 533 2226; x_wconf 90' lang='lat' dir='ltr'>exilium</span> <span class='ocrx_word' id='word_1_217' title='bbox 566 2190 714 2228; x_wconf 92' lang='lat' dir='ltr'>eiectus</span> <span class='ocrx_word' id='word_1_218' title='bbox 748 2190 844 2238; x_wconf 89' lang='lat' dir='ltr'>fuit,</span> <span class='ocrx_word' id='word_1_219' title='bbox 878 2191 916 2228; x_wconf 91' lang='lat' dir='ltr'>in</span> <span class='ocrx_word' id='word_1_220' title='bbox 951 2202 1027 2239; x_wconf 84' lang='lat' dir='ltr'>quo</span> <span class='ocrx_word' id='word_1_221' title='bbox 1048 2202 1122 2227; x_wconf 91' lang='lat' dir='ltr'>non</span> 
     </span>
     <span class='ocr_line' id='line_1_41' title="bbox 162 2241 733 2290; baseline 0.004 -12"><span class='ocrx_word' id='word_1_222' title='bbox 162 2241 288 2279; x_wconf 89' lang='lat' dir='ltr'>multo</span> <span class='ocrx_word' id='word_1_223' title='bbox 309 2244 395 2290; x_wconf 86' lang='lat' dir='ltr'>post</span> <span class='ocrx_word' id='word_1_224' title='bbox 417 2243 499 2280; x_wconf 87' lang='lat' dir='ltr'>vita</span> <span class='ocrx_word' id='word_1_225' title='bbox 518 2243 687 2280; x_wconf 85' lang='lat' dir='ltr'>excessit</span> <span class='ocrx_word' id='word_1_226' title='bbox 709 2243 733 2281; x_wconf 91' lang='lat'>¹.</span> 
     </span>
    </p>

    <p class='ocr_par' dir='ltr' id='par_1_6' title="bbox 161 2295 1127 2610">
     <span class='ocr_line' id='line_1_42' title="bbox 216 2295 1123 2344; baseline 0 -12"><span class='ocrx_word' id='word_1_227' title='bbox 216 2295 408 2336; x_wconf 90' lang='lat' dir='ltr'>Quamvis</span> <span class='ocrx_word' id='word_1_228' title='bbox 437 2298 571 2333; x_wconf 90' lang='lat' dir='ltr'>autem</span> <span class='ocrx_word' id='word_1_229' title='bbox 602 2296 674 2332; x_wconf 89' lang='lat' dir='ltr'>hoc</span> <span class='ocrx_word' id='word_1_230' title='bbox 695 2298 871 2344; x_wconf 88' lang='lat' dir='ltr'>tempore</span> <span class='ocrx_word' id='word_1_231' title='bbox 900 2296 1123 2333; x_wconf 89' lang='lat' dir='ltr'>communio</span> 
     </span>
     <span class='ocr_line' id='line_1_43' title="bbox 162 2347 1124 2397; baseline 0.002 -13"><span class='ocrx_word' id='word_1_232' title='bbox 162 2347 268 2385; x_wconf 88' lang='lat' dir='ltr'>inter</span> <span class='ocrx_word' id='word_1_233' title='bbox 288 2351 498 2397; x_wconf 80' lang='lat' dir='ltr'>utramque</span> <span class='ocrx_word' id='word_1_234' title='bbox 519 2348 748 2395; x_wconf 89' lang='lat' dir='ltr'>ecclesiam,</span> <span class='ocrx_word' id='word_1_235' title='bbox 769 2350 962 2386; x_wconf 84' lang='lat' dir='ltr'>Graecam</span> <span class='ocrx_word' id='word_1_236' title='bbox 984 2351 1024 2385; x_wconf 87' lang='lat' dir='ltr'>et</span> <span class='ocrx_word' id='word_1_237' title='bbox 1046 2349 1124 2385; x_wconf 86' lang='lat' dir='ltr'>La-</span> 
     </span>
     <span class='ocr_line' id='line_1_44' title="bbox 161 2402 1126 2450; baseline 0 -12"><span class='ocrx_word' id='word_1_238' title='bbox 161 2402 300 2448; x_wconf 87' lang='lat' dir='ltr'>tinam,</span> <span class='ocrx_word' id='word_1_239' title='bbox 323 2402 495 2439; x_wconf 90' lang='lat' dir='ltr'>nondum</span> <span class='ocrx_word' id='word_1_240' title='bbox 525 2402 693 2450; x_wconf 80' lang='lat' dir='ltr'>abrupta</span> <span class='ocrx_word' id='word_1_241' title='bbox 722 2402 857 2449; x_wconf 85' lang='lat' dir='ltr'>fucrit,</span> <span class='ocrx_word' id='word_1_242' title='bbox 885 2406 1015 2440; x_wconf 81' lang='lat' dir='ltr'>tamen</span> <span class='ocrx_word' id='word_1_243' title='bbox 1051 2402 1126 2438; x_wconf 85' lang='lat' dir='ltr'>Ce-</span> 
     </span>
     <span class='ocr_line' id='line_1_45' title="bbox 162 2454 1126 2504; baseline 0 -13"><span class='ocrx_word' id='word_1_244' title='bbox 162 2454 336 2492; x_wconf 88' lang='lat' dir='ltr'>rularius</span> <span class='ocrx_word' id='word_1_245' title='bbox 370 2455 540 2492; x_wconf 89' lang='lat' dir='ltr'>schisma</span> <span class='ocrx_word' id='word_1_246' title='bbox 574 2455 830 2501; x_wconf 86' lang='lat' dir='ltr'>instauravit,</span> <span class='ocrx_word' id='word_1_247' title='bbox 852 2456 954 2504; x_wconf 82' lang='lat' dir='ltr'>quod</span> <span class='ocrx_word' id='word_1_248' title='bbox 990 2456 1126 2503; x_wconf 84' lang='lat' dir='ltr'>postea</span> 
     </span>
     <span class='ocr_line' id='line_1_46' title="bbox 163 2507 1127 2546; baseline 0.001 -2"><span class='ocrx_word' id='word_1_249' title='bbox 163 2510 485 2546; x_wconf 88' lang='lat' dir='ltr'>consummatum</span> <span class='ocrx_word' id='word_1_250' title='bbox 533 2510 593 2545; x_wconf 90' lang='lat' dir='ltr'>est</span> <span class='ocrx_word' id='word_1_251' title='bbox 640 2511 679 2546; x_wconf 88' lang='lat' dir='ltr'>et</span> <span class='ocrx_word' id='word_1_252' title='bbox 718 2508 901 2545; x_wconf 88' lang='lat' dir='ltr'>unionem</span> <span class='ocrx_word' id='word_1_253' title='bbox 941 2507 1127 2545; x_wconf 85' lang='lat' dir='ltr'>ecclcsiae</span> 
     </span>
     <span class='ocr_line' id='line_1_47' title="bbox 162 2561 806 2610; baseline 0.003 -13"><span class='ocrx_word' id='word_1_254' title='bbox 162 2561 338 2599; x_wconf 84' lang='lat' dir='ltr'>Graecae</span> <span class='ocrx_word' id='word_1_255' title='bbox 359 2573 448 2599; x_wconf 90' lang='lat' dir='ltr'>cum</span> <span class='ocrx_word' id='word_1_256' title='bbox 468 2561 611 2599; x_wconf 85' lang='lat' dir='ltr'>Latina</span> <span class='ocrx_word' id='word_1_257' title='bbox 631 2561 806 2610; x_wconf 88' lang='lat' dir='ltr'>disrupit.</span> 
     </span>
    </p>

    <p class='ocr_par' dir='ltr' id='par_1_7' title="bbox 161 2613 1126 2767">
     <span class='ocr_line' id='line_1_48' title="bbox 217 2613 1125 2664; baseline -0.001 -14"><span class='ocrx_word' id='word_1_258' title='bbox 217 2614 304 2652; x_wconf 80' lang='lat'>138.</span> <span class='ocrx_word' id='word_1_259' title='bbox 347 2615 482 2652; x_wconf 79' lang='lat' dir='ltr'>Victor</span> <span class='ocrx_word' id='word_1_260' title='bbox 512 2614 559 2652; x_wconf 89' lang='lat' dir='ltr'>II</span> <span class='ocrx_word' id='word_1_261' title='bbox 590 2615 791 2663; x_wconf 72' lang='lat' dir='ltr'>Pontifex</span> <span class='ocrx_word' id='word_1_262' title='bbox 820 2613 908 2664; x_wconf 76' lang='lat' dir='ltr'>(an.</span> <span class='ocrx_word' id='word_1_263' title='bbox 942 2613 1125 2663; x_wconf 79' lang='lat'>1055)—</span> 
     </span>
     <span class='ocr_line' id='line_1_49' title="bbox 161 2666 1125 2717; baseline -0.001 -13"><span class='ocrx_word' id='word_1_264' title='bbox 161 2666 376 2717; x_wconf 84' lang='lat' dir='ltr'>Postquam</span> <span class='ocrx_word' id='word_1_265' title='bbox 399 2668 478 2705; x_wconf 89' lang='lat' dir='ltr'>Leo</span> <span class='ocrx_word' id='word_1_266' title='bbox 500 2669 570 2717; x_wconf 87' lang='lat' dir='ltr'>Pp.</span> <span class='ocrx_word' id='word_1_267' title='bbox 593 2669 662 2714; x_wconf 92' lang='lat' dir='ltr'>IX,</span> <span class='ocrx_word' id='word_1_268' title='bbox 682 2666 771 2705; x_wconf 87' lang='lat' dir='ltr'>x1110</span> <span class='ocrx_word' id='word_1_269' title='bbox 793 2667 977 2704; x_wconf 83' lang='lat' dir='ltr'>calendas</span> <span class='ocrx_word' id='word_1_270' title='bbox 1000 2667 1125 2704; x_wconf 86' lang='lat' dir='ltr'>maias</span> 
     </span>
     <span class='ocr_line' id='line_1_50' title="bbox 167 2718 1126 2767; baseline 0 -11"><span class='ocrx_word' id='word_1_271' title='bbox 167 2719 282 2767; x_wconf 86' lang='grc'>1054,</span> <span class='ocrx_word' id='word_1_272' title='bbox 305 2721 353 2758; x_wconf 90' lang='lat' dir='ltr'>ad</span> <span class='ocrx_word' id='word_1_273' title='bbox 375 2721 584 2759; x_wconf 84' lang='lat' dir='ltr'>coelestem</span> <span class='ocrx_word' id='word_1_274' title='bbox 606 2722 728 2759; x_wconf 89' lang='lat' dir='ltr'>vitam</span> <span class='ocrx_word' id='word_1_275' title='bbox 752 2720 890 2758; x_wconf 82' lang='lat' dir='ltr'>fuisset</span> <span class='ocrx_word' id='word_1_276' title='bbox 916 2723 1079 2757; x_wconf 89' lang='lat' dir='ltr'>vocatus</span> <span class='ocrx_word' id='word_1_277' title='bbox 1099 2718 1126 2767; x_wconf 71' lang='lat'>2‘,</span> 
     </span>
    </p>
   </div>
   <div class='ocr_carea' id='block_1_5' title="bbox 164 2845 1125 3217">
    <p class='ocr_par' dir='ltr' id='par_1_8' title="bbox 164 2845 1125 3043">
     <span class='ocr_line' id='line_1_51' title="bbox 201 2845 1121 2887; baseline -0.001 -10"><span class='ocrx_word' id='word_1_278' title='bbox 201 2847 211 2867; x_wconf 75' lang='lat'>¹</span> <span class='ocrx_word' id='word_1_279' title='bbox 232 2848 353 2883; x_wconf 59' lang='lat' dir='ltr'>nai-on„</span> <span class='ocrx_word' id='word_1_280' title='bbox 373 2849 411 2878; x_wconf 76' lang='lat' dir='ltr'>:nl</span> <span class='ocrx_word' id='word_1_281' title='bbox 426 2858 473 2879; x_wconf 76' lang='lat' dir='ltr'>an.</span> <span class='ocrx_word' id='word_1_282' title='bbox 490 2847 569 2878; x_wconf 79' lang='lat'>1053</span> <span class='ocrx_word' id='word_1_283' title='bbox 586 2856 653 2887; x_wconf 77' lang='lat' dir='ltr'>sq.;</span> <span class='ocrx_word' id='word_1_284' title='bbox 679 2848 738 2878; x_wconf 84' lang='lat' dir='ltr'>Leo</span> <span class='ocrx_word' id='word_1_285' title='bbox 763 2846 870 2882; x_wconf 64' lang='lat' dir='ltr'>Aliai..</span> <span class='ocrx_word' id='word_1_286' title='bbox 896 2845 940 2876; x_wconf 81' lang='lat' dir='ltr'>De</span> <span class='ocrx_word' id='word_1_287' title='bbox 963 2845 1054 2876; x_wconf 68' lang='lat' dir='ltr'>libris</span> <span class='ocrx_word' id='word_1_288' title='bbox 1079 2854 1121 2876; x_wconf 79' lang='lat' dir='ltr'>rc-</span> 
     </span>
     <span class='ocr_line' id='line_1_52' title="bbox 165 2886 1125 2927; baseline -0.005 -8"><span class='ocrx_word' id='word_1_289' title='bbox 165 2888 305 2919; x_wconf 64' lang='lat' dir='ltr'>clesizmt.</span> <span class='ocrx_word' id='word_1_290' title='bbox 325 2889 477 2921; x_wconf 76' lang='lat' dir='ltr'>Graecor.</span> <span class='ocrx_word' id='word_1_291' title='bbox 494 2889 570 2919; x_wconf 78' lang='lat' dir='ltr'>diss.</span> <span class='ocrx_word' id='word_1_292' title='bbox 590 2889 624 2925; x_wconf 85' lang='grc'>11,</span> <span class='ocrx_word' id='word_1_293' title='bbox 643 2893 672 2919; x_wconf 82' lang='lat' dir='ltr'>ct</span> <span class='ocrx_word' id='word_1_294' title='bbox 690 2888 733 2919; x_wconf 76' lang='lat' dir='ltr'>De</span> <span class='ocrx_word' id='word_1_295' title='bbox 748 2889 907 2927; x_wconf 74' lang='lat' dir='ltr'>perpetim</span> <span class='ocrx_word' id='word_1_296' title='bbox 925 2886 1082 2918; x_wconf 69' lang='lat' dir='ltr'>Ecclesiae</span> <span class='ocrx_word' id='word_1_297' title='bbox 1094 2898 1125 2915; x_wconf 74' lang='lat' dir='ltr'>o-</span> 
     </span>
     <span class='ocr_line' id='line_1_53' title="bbox 166 2928 1123 2967; baseline -0.002 -9"><span class='ocrx_word' id='word_1_298' title='bbox 166 2929 261 2960; x_wconf 66' lang='lat' dir='ltr'>rinna.</span> <span class='ocrx_word' id='word_1_299' title='bbox 280 2932 310 2960; x_wconf 70' lang='lat' dir='ltr'>et</span> <span class='ocrx_word' id='word_1_300' title='bbox 326 2930 480 2961; x_wconf 69' lang='lat' dir='ltr'>occident.</span> <span class='ocrx_word' id='word_1_301' title='bbox 499 2931 718 2967; x_wconf 53' lang='lat' dir='ltr'>consens-imm,</span> <span class='ocrx_word' id='word_1_302' title='bbox 736 2928 802 2966; x_wconf 47' lang='lat' dir='ltr'>ixl,</span> <span class='ocrx_word' id='word_1_303' title='bbox 822 2929 842 2959; x_wconf 90' lang='grc'>1.</span> <span class='ocrx_word' id='word_1_304' title='bbox 862 2930 891 2959; x_wconf 72' lang='lat' dir='ltr'>li.</span> <span class='ocrx_word' id='word_1_305' title='bbox 910 2929 1037 2959; x_wconf 67' lang='lat' dir='ltr'>(Lotelcr.</span> <span class='ocrx_word' id='word_1_306' title='bbox 1058 2928 1123 2959; x_wconf 57' lang='lat' dir='ltr'>lili,-</span> 
     </span>
     <span class='ocr_line' id='line_1_54' title="bbox 164 2969 1125 3011; baseline -0.001 -11"><span class='ocrx_word' id='word_1_307' title='bbox 164 2973 319 3001; x_wconf 75' lang='lat' dir='ltr'>numetila</span> <span class='ocrx_word' id='word_1_308' title='bbox 343 2972 417 3003; x_wconf 73' lang='lat' dir='ltr'>eccl,</span> <span class='ocrx_word' id='word_1_309' title='bbox 441 2981 546 3010; x_wconf 60' lang='lat' dir='ltr'>urtice.</span> <span class='ocrx_word' id='word_1_310' title='bbox 580 2975 598 3002; x_wconf 84' lang='lat' dir='ltr'>t.</span> <span class='ocrx_word' id='word_1_311' title='bbox 618 2972 652 3010; x_wconf 87' lang='lat'>11,</span> <span class='ocrx_word' id='word_1_312' title='bbox 669 2981 701 3011; x_wconf 83' lang='lat' dir='ltr'>p.</span> <span class='ocrx_word' id='word_1_313' title='bbox 723 2970 794 3009; x_wconf 76' lang='lat'>1083</span> <span class='ocrx_word' id='word_1_314' title='bbox 812 2971 958 3008; x_wconf 76' lang='lat' dir='ltr'>Marteno,</span> <span class='ocrx_word' id='word_1_315' title='bbox 986 2969 1125 3001; x_wconf 67' lang='lat' dir='ltr'>Thesau-</span> 
     </span>
     <span class='ocr_line' id='line_1_55' title="bbox 166 3012 468 3043; baseline 0.007 -2"><span class='ocrx_word' id='word_1_316' title='bbox 166 3020 220 3041; x_wconf 67' lang='lat' dir='ltr'>rus</span> <span class='ocrx_word' id='word_1_317' title='bbox 236 3012 382 3043; x_wconf 70' lang='lat' dir='ltr'>(anecdot.</span> <span class='ocrx_word' id='word_1_318' title='bbox 401 3017 419 3043; x_wconf 84' lang='grc' dir='ltr'>ῑ,</span> <span class='ocrx_word' id='word_1_319' title='bbox 438 3015 468 3043; x_wconf 85' lang='lat' dir='ltr'>V.</span> 
     </span>
    </p>

    <p class='ocr_par' dir='ltr' id='par_1_9' title="bbox 164 3052 1123 3217">
     <span class='ocr_line' id='line_1_56' title="bbox 204 3052 1123 3093; baseline -0.001 -11"><span class='ocrx_word' id='word_1_320' title='bbox 204 3053 218 3074; x_wconf 84' lang='lat'>2</span> <span class='ocrx_word' id='word_1_321' title='bbox 236 3054 543 3085; x_wconf 67' lang='lat' dir='ltr'>1=‹›1ian‹i.Act‹iS.S&#39;.</span> <span class='ocrx_word' id='word_1_322' title='bbox 564 3054 599 3084; x_wconf 69' lang='lat' dir='ltr'>iti</span> <span class='ocrx_word' id='word_1_323' title='bbox 617 3053 707 3093; x_wconf 80' lang='lat' dir='ltr'>april.</span> <span class='ocrx_word' id='word_1_324' title='bbox 722 3071 763 3076; x_wconf 91' lang='lat'>—-</span> <span class='ocrx_word' id='word_1_325' title='bbox 777 3055 858 3084; x_wconf 76' lang='lat' dir='ltr'>lntcr</span> <span class='ocrx_word' id='word_1_326' title='bbox 875 3055 999 3083; x_wconf 75' lang='lat' dir='ltr'>caetera</span> <span class='ocrx_word' id='word_1_327' title='bbox 1015 3052 1123 3083; x_wconf 78' lang='lat' dir='ltr'>Leonis</span> 
     </span>
     <span class='ocr_line' id='line_1_57' title="bbox 164 3095 1122 3135; baseline -0.001 -12"><span class='ocrx_word' id='word_1_328' title='bbox 164 3095 217 3124; x_wconf 81' lang='grc' dir='ltr'>ΡΡ.</span> <span class='ocrx_word' id='word_1_329' title='bbox 237 3095 273 3124; x_wconf 77' lang='lat' dir='ltr'>ix</span> <span class='ocrx_word' id='word_1_330' title='bbox 292 3096 466 3126; x_wconf 68' lang='lat' dir='ltr'>sanctitatis</span> <span class='ocrx_word' id='word_1_331' title='bbox 491 3099 674 3133; x_wconf 63' lang='lat' dir='ltr'>argument-‘i</span> <span class='ocrx_word' id='word_1_332' title='bbox 699 3096 756 3126; x_wconf 83' lang='lat' dir='ltr'>hoc</span> <span class='ocrx_word' id='word_1_333' title='bbox 773 3104 894 3135; x_wconf 78' lang='lat' dir='ltr'>quoquc</span> <span class='ocrx_word' id='word_1_334' title='bbox 912 3097 1090 3124; x_wconf 68' lang='lat' dir='ltr'>numeratur</span> <span class='ocrx_word' id='word_1_335' title='bbox 1107 3102 1122 3122; x_wconf 83' lang='lat' dir='ltr'>a</span> 
     </span>
     <span class='ocr_line' id='line_1_58' title="bbox 165 3135 1122 3174; baseline -0.001 -10"><span class='ocrx_word' id='word_1_336' title='bbox 165 3136 263 3165; x_wconf 72' lang='lat' dir='ltr'>Leone</span> <span class='ocrx_word' id='word_1_337' title='bbox 288 3137 420 3167; x_wconf 75' lang='lat' dir='ltr'>Ostiensi</span> <span class='ocrx_word' id='word_1_338' title='bbox 445 3135 581 3167; x_wconf 74' lang='lat' dir='ltr'>(Chr-on.</span> <span class='ocrx_word' id='word_1_339' title='bbox 604 3136 706 3168; x_wconf 65' lang='lat' dir='ltr'>Casiri.</span> <span class='ocrx_word' id='word_1_340' title='bbox 731 3137 751 3167; x_wconf 94' lang='grc' dir='ltr'>Ι.</span> <span class='ocrx_word' id='word_1_341' title='bbox 771 3137 804 3172; x_wconf 78' lang='grc'>11,</span> <span class='ocrx_word' id='word_1_342' title='bbox 829 3147 852 3167; x_wconf 83' lang='lat' dir='ltr'>c.</span> <span class='ocrx_word' id='word_1_343' title='bbox 872 3135 923 3172; x_wconf 75' lang='lat'>87)</span> <span class='ocrx_word' id='word_1_344' title='bbox 939 3135 1032 3174; x_wconf 77' lang='lat' dir='ltr'>qnod,</span> <span class='ocrx_word' id='word_1_345' title='bbox 1052 3135 1122 3164; x_wconf 85' lang='lat' dir='ltr'>dum</span> 
     </span>
     <span class='ocr_line' id='line_1_59' title="bbox 166 3176 1122 3217; baseline 0 -12"><span class='ocrx_word' id='word_1_346' title='bbox 166 3176 280 3207; x_wconf 73' lang='lat' dir='ltr'>Romae</span> <span class='ocrx_word' id='word_1_347' title='bbox 299 3182 414 3217; x_wconf 77' lang='lat' dir='ltr'>ageret,</span> <span class='ocrx_word' id='word_1_348' title='bbox 433 3179 531 3208; x_wconf 83' lang='lat' dir='ltr'>tribus</span> <span class='ocrx_word' id='word_1_349' title='bbox 549 3187 604 3217; x_wconf 80' lang='lat' dir='ltr'>per</span> <span class='ocrx_word' id='word_1_350' title='bbox 622 3178 851 3208; x_wconf 77' lang='lat' dir='ltr'>hebdomadam</span> <span class='ocrx_word' id='word_1_351' title='bbox 870 3177 979 3207; x_wconf 68' lang='lat' dir='ltr'>«liebus</span> <span class='ocrx_word' id='word_1_352' title='bbox 997 3186 1013 3206; x_wconf 79' lang='lat' dir='ltr'>a</span> <span class='ocrx_word' id='word_1_353' title='bbox 1033 3177 1122 3206; x_wconf 73' lang='lat' dir='ltr'>taic-</span> 
     </span>
    </p>
   </div>
   <div class='ocr_carea' id='block_1_6' title="bbox 869 112 1426 142">
    <p class='ocr_par' dir='ltr' id='par_1_10' title="bbox 869 112 1426 142">
     <span class='ocr_line' id='line_1_60' title="bbox 869 112 1426 142; baseline 0.005 -3"><span class='ocrx_word' id='word_1_354' title='bbox 869 112 1026 140; x_wconf 80' lang='lat' dir='ltr'>EPOCHA</span> <span class='ocrx_word' id='word_1_355' title='bbox 1055 113 1109 140; x_wconf 89' lang='lat' dir='ltr'>VI.</span> <span class='ocrx_word' id='word_1_356' title='bbox 1140 113 1167 140; x_wconf 80' lang='lat' dir='ltr'>A</span> <span class='ocrx_word' id='word_1_357' title='bbox 1196 114 1353 141; x_wconf 83' lang='lat' dir='ltr'>OAROLO</span> <span class='ocrx_word' id='word_1_358' title='bbox 1383 116 1426 142; x_wconf 88' lang='lat' dir='ltr'>M.</span> 
     </span>
    </p>
   </div>
   <div class='ocr_carea' id='block_1_7' title="bbox 1167 177 2176 2716">
    <p class='ocr_par' dir='ltr' id='par_1_11' title="bbox 1167 177 2134 955">
     <span class='ocr_line' id='line_1_61' title="bbox 1167 177 2131 226; baseline 0.006 -12"><span class='ocrx_word' id='word_1_359' title='bbox 1167 177 1339 215; x_wconf 89' lang='lat' dir='ltr'>Romani</span> <span class='ocrx_word' id='word_1_360' title='bbox 1360 179 1746 226; x_wconf 87' lang='lat' dir='ltr'>Hildebrandum,R.</span> <span class='ocrx_word' id='word_1_361' title='bbox 1761 181 1958 221; x_wconf 85' lang='lat' dir='ltr'>Ecclesiae</span> <span class='ocrx_word' id='word_1_362' title='bbox 1978 182 2131 220; x_wconf 87' lang='lat' dir='ltr'>subdia-</span> 
     </span>
     <span class='ocr_line' id='line_1_62' title="bbox 1169 231 2131 283; baseline 0.007 -17"><span class='ocrx_word' id='word_1_363' title='bbox 1169 242 1322 277; x_wconf 86' lang='lat' dir='ltr'>conum,</span> <span class='ocrx_word' id='word_1_364' title='bbox 1342 231 1529 280; x_wconf 83' lang='lat' dir='ltr'>legarunt</span> <span class='ocrx_word' id='word_1_365' title='bbox 1548 232 1598 275; x_wconf 80' lang='lat' dir='ltr'>ad</span> <span class='ocrx_word' id='word_1_366' title='bbox 1618 233 1833 271; x_wconf 88' lang='lat' dir='ltr'>Henricum</span> <span class='ocrx_word' id='word_1_367' title='bbox 1852 235 2131 283; x_wconf 87' lang='lat' dir='ltr'>imperatorem</span> 
     </span>
     <span class='ocr_line' id='line_1_63' title="bbox 1168 283 2130 334; baseline 0.006 -15"><span class='ocrx_word' id='word_1_368' title='bbox 1168 283 1240 328; x_wconf 91' lang='lat' dir='ltr'>III,</span> <span class='ocrx_word' id='word_1_369' title='bbox 1261 286 1306 320; x_wconf 92' lang='lat' dir='ltr'>ut</span> <span class='ocrx_word' id='word_1_370' title='bbox 1334 284 1581 321; x_wconf 88' lang='lat' dir='ltr'>Gebeardum</span> <span class='ocrx_word' id='word_1_371' title='bbox 1603 285 1825 334; x_wconf 85' lang='lat' dir='ltr'>episcopum</span> <span class='ocrx_word' id='word_1_372' title='bbox 1846 287 2130 325; x_wconf 88' lang='lat' dir='ltr'>Aistettensem</span> 
     </span>
     <span class='ocr_line' id='line_1_64' title="bbox 1168 335 2130 388; baseline 0.005 -16"><span class='ocrx_word' id='word_1_373' title='bbox 1168 335 1335 372; x_wconf 88' lang='lat' dir='ltr'>Romam</span> <span class='ocrx_word' id='word_1_374' title='bbox 1356 337 1593 374; x_wconf 91' lang='lat' dir='ltr'>mittendum</span> <span class='ocrx_word' id='word_1_375' title='bbox 1617 340 1657 374; x_wconf 90' lang='lat' dir='ltr'>et</span> <span class='ocrx_word' id='word_1_376' title='bbox 1676 338 1715 374; x_wconf 91' lang='lat' dir='ltr'>in</span> <span class='ocrx_word' id='word_1_377' title='bbox 1737 339 1957 387; x_wconf 90' lang='lat' dir='ltr'>pontificem</span> <span class='ocrx_word' id='word_1_378' title='bbox 1978 340 2130 388; x_wconf 81' lang='lat' dir='ltr'>eligen-</span> 
     </span>
     <span class='ocr_line' id='line_1_65' title="bbox 1168 389 2130 437; baseline 0.003 -12"><span class='ocrx_word' id='word_1_379' title='bbox 1168 389 1260 425; x_wconf 90' lang='lat' dir='ltr'>dum</span> <span class='ocrx_word' id='word_1_380' title='bbox 1279 389 1533 437; x_wconf 89' lang='lat' dir='ltr'>impetraret,</span> <span class='ocrx_word' id='word_1_381' title='bbox 1554 390 1741 437; x_wconf 89' lang='lat' dir='ltr'>quoniam</span> <span class='ocrx_word' id='word_1_382' title='bbox 1761 391 1801 428; x_wconf 90' lang='lat' dir='ltr'>in</span> <span class='ocrx_word' id='word_1_383' title='bbox 1821 392 2003 429; x_wconf 89' lang='lat' dir='ltr'>Romano</span> <span class='ocrx_word' id='word_1_384' title='bbox 2024 393 2130 430; x_wconf 88' lang='lat' dir='ltr'>clero</span> 
     </span>
     <span class='ocr_line' id='line_1_66' title="bbox 1167 443 2132 494; baseline 0.005 -17"><span class='ocrx_word' id='word_1_385' title='bbox 1167 452 1242 478; x_wconf 90' lang='lat' dir='ltr'>non</span> <span class='ocrx_word' id='word_1_386' title='bbox 1264 443 1509 490; x_wconf 87' lang='lat' dir='ltr'>reperiretur</span> <span class='ocrx_word' id='word_1_387' title='bbox 1530 443 1579 479; x_wconf 89' lang='lat' dir='ltr'>ad</span> <span class='ocrx_word' id='word_1_388' title='bbox 1598 445 1754 480; x_wconf 88' lang='lat' dir='ltr'>tantum</span> <span class='ocrx_word' id='word_1_389' title='bbox 1776 444 1942 481; x_wconf 89' lang='lat' dir='ltr'>officium</span> <span class='ocrx_word' id='word_1_390' title='bbox 1964 457 2132 494; x_wconf 88' lang='lat' dir='ltr'>persona</span> 
     </span>
     <span class='ocr_line' id='line_1_67' title="bbox 1167 494 2133 546; baseline 0.005 -16"><span class='ocrx_word' id='word_1_391' title='bbox 1167 494 1329 541; x_wconf 81' lang='lat' dir='ltr'>idonea3</span> <span class='ocrx_word' id='word_1_392' title='bbox 1350 495 1545 532; x_wconf 86' lang='lat' dir='ltr'>Gebeardi</span> <span class='ocrx_word' id='word_1_393' title='bbox 1568 507 1662 532; x_wconf 91' lang='lat' dir='ltr'>vero</span> <span class='ocrx_word' id='word_1_394' title='bbox 1684 497 1893 544; x_wconf 87' lang='lat' dir='ltr'>prudentia</span> <span class='ocrx_word' id='word_1_395' title='bbox 1922 500 2040 546; x_wconf 84' lang='lat' dir='ltr'>atque</span> <span class='ocrx_word' id='word_1_396' title='bbox 2069 510 2133 546; x_wconf 89' lang='lat' dir='ltr'>pe-</span> 
     </span>
     <span class='ocr_line' id='line_1_68' title="bbox 1167 547 2130 597; baseline 0.005 -14"><span class='ocrx_word' id='word_1_397' title='bbox 1167 547 1262 584; x_wconf 89' lang='lat' dir='ltr'>ritia</span> <span class='ocrx_word' id='word_1_398' title='bbox 1290 547 1330 584; x_wconf 91' lang='lat' dir='ltr'>in</span> <span class='ocrx_word' id='word_1_399' title='bbox 1357 549 1475 586; x_wconf 89' lang='lat' dir='ltr'>rebus</span> <span class='ocrx_word' id='word_1_400' title='bbox 1504 548 1685 597; x_wconf 79' lang='lat' dir='ltr'>gerendis</span> <span class='ocrx_word' id='word_1_401' title='bbox 1719 552 1848 586; x_wconf 87' lang='lat' dir='ltr'>essent</span> <span class='ocrx_word' id='word_1_402' title='bbox 1891 550 2130 588; x_wconf 89' lang='lat' dir='ltr'>notissimae.</span> 
     </span>
     <span class='ocr_line' id='line_1_69' title="bbox 1167 599 2130 650; baseline 0.004 -14"><span class='ocrx_word' id='word_1_403' title='bbox 1167 599 1436 637; x_wconf 88' lang='lat' dir='ltr'>Romanorum</span> <span class='ocrx_word' id='word_1_404' title='bbox 1458 601 1560 638; x_wconf 89' lang='lat' dir='ltr'>votis</span> <span class='ocrx_word' id='word_1_405' title='bbox 1577 613 1694 650; x_wconf 79' lang='lat' dir='ltr'>aegre</span> <span class='ocrx_word' id='word_1_406' title='bbox 1711 602 1881 639; x_wconf 90' lang='lat' dir='ltr'>assensit</span> <span class='ocrx_word' id='word_1_407' title='bbox 1900 603 2130 650; x_wconf 89' lang='lat' dir='ltr'>imperator,</span> 
     </span>
     <span class='ocr_line' id='line_1_70' title="bbox 1167 651 2134 703; baseline 0.004 -15"><span class='ocrx_word' id='word_1_408' title='bbox 1167 651 1233 700; x_wconf 89' lang='lat' dir='ltr'>qui</span> <span class='ocrx_word' id='word_1_409' title='bbox 1254 652 1452 691; x_wconf 89' lang='lat' dir='ltr'>Gebeardi</span> <span class='ocrx_word' id='word_1_410' title='bbox 1472 654 1641 691; x_wconf 90' lang='lat' dir='ltr'>consiliis</span> <span class='ocrx_word' id='word_1_411' title='bbox 1670 653 1710 690; x_wconf 93' lang='lat' dir='ltr'>in</span> <span class='ocrx_word' id='word_1_412' title='bbox 1741 654 1845 691; x_wconf 88' lang='lat' dir='ltr'>omni</span> <span class='ocrx_word' id='word_1_413' title='bbox 1874 655 2031 703; x_wconf 84' lang='lat' dir='ltr'>negotio</span> <span class='ocrx_word' id='word_1_414' title='bbox 2053 657 2134 692; x_wconf 91' lang='lat' dir='ltr'>ute·</span> 
     </span>
     <span class='ocr_line' id='line_1_71' title="bbox 1168 706 2130 755; baseline 0.003 -13"><span class='ocrx_word' id='word_1_415' title='bbox 1168 706 1309 752; x_wconf 67' lang='lat' dir='ltr'>batur,</span> <span class='ocrx_word' id='word_1_416' title='bbox 1329 706 1486 755; x_wconf 83' lang='lat' dir='ltr'>aegrius</span> <span class='ocrx_word' id='word_1_417' title='bbox 1506 706 1706 754; x_wconf 88' lang='lat' dir='ltr'>acquievit</span> <span class='ocrx_word' id='word_1_418' title='bbox 1725 707 1972 754; x_wconf 87' lang='lat' dir='ltr'>Gebeardus,</span> <span class='ocrx_word' id='word_1_419' title='bbox 1993 708 2059 755; x_wconf 90' lang='lat' dir='ltr'>qui</span> <span class='ocrx_word' id='word_1_420' title='bbox 2081 708 2130 745; x_wconf 88' lang='lat' dir='ltr'>ab</span> 
     </span>
     <span class='ocr_line' id='line_1_72' title="bbox 1168 757 2130 808; baseline 0.004 -14"><span class='ocrx_word' id='word_1_421' title='bbox 1168 757 1433 796; x_wconf 89' lang='lat' dir='ltr'>Hildebrando</span> <span class='ocrx_word' id='word_1_422' title='bbox 1451 760 1620 796; x_wconf 90' lang='lat' dir='ltr'>Romam</span> <span class='ocrx_word' id='word_1_423' title='bbox 1642 760 1867 808; x_wconf 89' lang='lat' dir='ltr'>perductus,</span> <span class='ocrx_word' id='word_1_424' title='bbox 1885 771 2038 798; x_wconf 87' lang='lat' dir='ltr'>summa</span> <span class='ocrx_word' id='word_1_425' title='bbox 2048 761 2130 798; x_wconf 92' lang='lat' dir='ltr'>Ro-</span> 
     </span>
     <span class='ocr_line' id='line_1_73' title="bbox 1168 812 2128 861; baseline 0.003 -14"><span class='ocrx_word' id='word_1_426' title='bbox 1168 822 1371 848; x_wconf 89' lang='lat' dir='ltr'>manorum</span> <span class='ocrx_word' id='word_1_427' title='bbox 1393 812 1547 861; x_wconf 86' lang='lat' dir='ltr'>laetitia</span> <span class='ocrx_word' id='word_1_428' title='bbox 1567 818 1792 861; x_wconf 88' lang='lat' dir='ltr'>susceptus,</span> <span class='ocrx_word' id='word_1_429' title='bbox 1813 815 1854 850; x_wconf 89' lang='lat' dir='ltr'>et</span> <span class='ocrx_word' id='word_1_430' title='bbox 1873 813 2001 850; x_wconf 90' lang='lat' dir='ltr'>idibus</span> <span class='ocrx_word' id='word_1_431' title='bbox 2017 813 2128 861; x_wconf 90' lang='lat' dir='ltr'>apri-</span> 
     </span>
     <span class='ocr_line' id='line_1_74' title="bbox 1169 863 2129 915; baseline 0.003 -15"><span class='ocrx_word' id='word_1_432' title='bbox 1169 863 1216 901; x_wconf 91' lang='lat' dir='ltr'>lis</span> <span class='ocrx_word' id='word_1_433' title='bbox 1237 876 1298 901; x_wconf 89' lang='lat' dir='ltr'>an.</span> <span class='ocrx_word' id='word_1_434' title='bbox 1323 864 1426 902; x_wconf 86' lang='lat'>1055</span> <span class='ocrx_word' id='word_1_435' title='bbox 1456 865 1632 914; x_wconf 84' lang='lat' dir='ltr'>pontifex</span> <span class='ocrx_word' id='word_1_436' title='bbox 1661 866 1924 915; x_wconf 84' lang='lat' dir='ltr'>inauguratus</span> <span class='ocrx_word' id='word_1_437' title='bbox 1953 865 2030 903; x_wconf 86' lang='lat' dir='ltr'>fuit</span> <span class='ocrx_word' id='word_1_438' title='bbox 2057 867 2129 903; x_wconf 91' lang='lat' dir='ltr'>sub</span> 
     </span>
     <span class='ocr_line' id='line_1_75' title="bbox 1169 917 1609 955; baseline 0.005 -2"><span class='ocrx_word' id='word_1_439' title='bbox 1169 917 1323 954; x_wconf 90' lang='lat' dir='ltr'>nomine</span> <span class='ocrx_word' id='word_1_440' title='bbox 1340 917 1510 955; x_wconf 90' lang='lat' dir='ltr'>Victoris</span> <span class='ocrx_word' id='word_1_441' title='bbox 1528 918 1564 955; x_wconf 91' lang='lat' dir='ltr'>II</span> <span class='ocrx_word' id='word_1_442' title='bbox 1585 918 1609 955; x_wconf 89' lang='lat'>¹.</span> 
     </span>
    </p>

    <p class='ocr_par' dir='ltr' id='par_1_12' title="bbox 1167 970 2176 2187">
     <span class='ocr_line' id='line_1_76' title="bbox 1222 970 2176 1019; baseline 0.002 -13"><span class='ocrx_word' id='word_1_443' title='bbox 1222 970 1295 1007; x_wconf 90' lang='lat' dir='ltr'>Hic</span> <span class='ocrx_word' id='word_1_444' title='bbox 1329 970 1513 1008; x_wconf 84' lang='lat' dir='ltr'>Pontifex</span> <span class='ocrx_word' id='word_1_445' title='bbox 1547 971 1684 1008; x_wconf 89' lang='lat' dir='ltr'>eodem</span> <span class='ocrx_word' id='word_1_446' title='bbox 1719 983 1820 1008; x_wconf 91' lang='lat' dir='ltr'>anno</span> <span class='ocrx_word' id='word_1_447' title='bbox 1853 971 1894 1008; x_wconf 90' lang='lat' dir='ltr'>in</span> <span class='ocrx_word' id='word_1_448' title='bbox 1927 971 2130 1019; x_wconf 87' lang='lat' dir='ltr'>frequenti</span> <span class='ocrx_word' id='word_1_449' title='bbox 2172 1014 2176 1018; x_wconf 16' lang='grc' dir='ltr'><strong><em>ὁ</em></strong></span> 
     </span>
     <span class='ocr_line' id='line_1_77' title="bbox 1168 1022 2128 1071; baseline 0.001 -12"><span class='ocrx_word' id='word_1_450' title='bbox 1168 1023 1328 1071; x_wconf 82' lang='lat' dir='ltr'>synodo,</span> <span class='ocrx_word' id='word_1_451' title='bbox 1363 1022 1590 1061; x_wconf 86' lang='lat' dir='ltr'>Florentiae</span> <span class='ocrx_word' id='word_1_452' title='bbox 1626 1024 1784 1070; x_wconf 89' lang='lat' dir='ltr'>habita,</span> <span class='ocrx_word' id='word_1_453' title='bbox 1818 1024 2033 1061; x_wconf 90' lang='lat' dir='ltr'>decessoris</span> <span class='ocrx_word' id='word_1_454' title='bbox 2068 1024 2128 1062; x_wconf 88' lang='lat' dir='ltr'>sui</span> 
     </span>
     <span class='ocr_line' id='line_1_78' title="bbox 1167 1076 2131 1125; baseline 0.002 -13"><span class='ocrx_word' id='word_1_455' title='bbox 1167 1078 1305 1113; x_wconf 90' lang='lat' dir='ltr'>contra</span> <span class='ocrx_word' id='word_1_456' title='bbox 1334 1076 1622 1125; x_wconf 80' lang='lat' dir='ltr'>Berengarium</span> <span class='ocrx_word' id='word_1_457' title='bbox 1651 1077 1811 1114; x_wconf 87' lang='lat' dir='ltr'>decreta</span> <span class='ocrx_word' id='word_1_458' title='bbox 1854 1077 2131 1123; x_wconf 88' lang='lat' dir='ltr'>confirmavit,</span> 
     </span>
     <span class='ocr_line' id='line_1_79' title="bbox 1168 1129 2130 1168; baseline 0.002 -3"><span class='ocrx_word' id='word_1_459' title='bbox 1168 1129 1357 1166; x_wconf 90' lang='lat' dir='ltr'>bonorum</span> <span class='ocrx_word' id='word_1_460' title='bbox 1379 1129 1732 1167; x_wconf 85' lang='lat' dir='ltr'>ecclesiasticorum</span> <span class='ocrx_word' id='word_1_461' title='bbox 1759 1129 2036 1168; x_wconf 85' lang='lat' dir='ltr'>alienationem</span> <span class='ocrx_word' id='word_1_462' title='bbox 2057 1131 2130 1167; x_wconf 91' lang='lat' dir='ltr'>sub</span> 
     </span>
     <span class='ocr_line' id='line_1_80' title="bbox 1168 1183 2131 1232; baseline 0.001 -13"><span class='ocrx_word' id='word_1_463' title='bbox 1168 1194 1292 1230; x_wconf 92' lang='lat' dir='ltr'>poena</span> <span class='ocrx_word' id='word_1_464' title='bbox 1308 1183 1728 1221; x_wconf 85' lang='lat' dir='ltr'>excommunicationis</span> <span class='ocrx_word' id='word_1_465' title='bbox 1743 1183 1947 1232; x_wconf 84' lang='lat' dir='ltr'>prohibuit</span> <span class='ocrx_word' id='word_1_466' title='bbox 1973 1183 2131 1230; x_wconf 87' lang='lat' dir='ltr'>aliaque</span> 
     </span>
     <span class='ocr_line' id='line_1_81' title="bbox 1169 1234 2129 1278; baseline 0.002 -7"><span class='ocrx_word' id='word_1_467' title='bbox 1169 1235 1319 1272; x_wconf 89' lang='lat' dir='ltr'>utiliter</span> <span class='ocrx_word' id='word_1_468' title='bbox 1346 1235 1515 1273; x_wconf 88' lang='lat' dir='ltr'>sancivit</span> <span class='ocrx_word' id='word_1_469' title='bbox 1536 1234 1561 1273; x_wconf 79' lang='lat'>².</span> <span class='ocrx_word' id='word_1_470' title='bbox 1583 1235 1714 1278; x_wconf 85' lang='lat' dir='ltr'>Quum</span> <span class='ocrx_word' id='word_1_471' title='bbox 1744 1237 1875 1273; x_wconf 89' lang='lat' dir='ltr'>autem</span> <span class='ocrx_word' id='word_1_472' title='bbox 1906 1235 2129 1273; x_wconf 87' lang='lat' dir='ltr'>restituen-</span> 
     </span>
     <span class='ocr_line' id='line_1_82' title="bbox 1167 1288 2132 1337; baseline 0.001 -12"><span class='ocrx_word' id='word_1_473' title='bbox 1167 1288 1240 1325; x_wconf 91' lang='lat' dir='ltr'>dae</span> <span class='ocrx_word' id='word_1_474' title='bbox 1270 1289 1498 1337; x_wconf 87' lang='lat' dir='ltr'>disciplinae</span> <span class='ocrx_word' id='word_1_475' title='bbox 1528 1291 1568 1326; x_wconf 92' lang='lat' dir='ltr'>et</span> <span class='ocrx_word' id='word_1_476' title='bbox 1593 1289 1836 1337; x_wconf 84' lang='lat' dir='ltr'>extirpandis</span> <span class='ocrx_word' id='word_1_477' title='bbox 1856 1288 2046 1326; x_wconf 87' lang='lat' dir='ltr'>simoniae</span> <span class='ocrx_word' id='word_1_478' title='bbox 2066 1290 2132 1326; x_wconf 88' lang='lat' dir='ltr'>at-</span> 
     </span>
     <span class='ocr_line' id='line_1_83' title="bbox 1167 1341 2134 1390; baseline 0.001 -12"><span class='ocrx_word' id='word_1_479' title='bbox 1167 1353 1240 1389; x_wconf 88' lang='lat' dir='ltr'>que</span> <span class='ocrx_word' id='word_1_480' title='bbox 1260 1341 1566 1380; x_wconf 87' lang='lat' dir='ltr'>incontinentiae</span> <span class='ocrx_word' id='word_1_481' title='bbox 1588 1342 1822 1379; x_wconf 88' lang='lat' dir='ltr'>clericorum</span> <span class='ocrx_word' id='word_1_482' title='bbox 1841 1353 1985 1390; x_wconf 86' lang='lat' dir='ltr'>magno</span> <span class='ocrx_word' id='word_1_483' title='bbox 2002 1341 2134 1379; x_wconf 89' lang='lat' dir='ltr'>animo</span> 
     </span>
     <span class='ocr_line' id='line_1_84' title="bbox 1168 1394 2135 1444; baseline 0 -12"><span class='ocrx_word' id='word_1_484' title='bbox 1168 1394 1432 1441; x_wconf 87' lang='lat' dir='ltr'>adlaboraret,</span> <span class='ocrx_word' id='word_1_485' title='bbox 1461 1398 1615 1432; x_wconf 89' lang='lat' dir='ltr'>tantam</span> <span class='ocrx_word' id='word_1_486' title='bbox 1645 1395 1913 1444; x_wconf 89' lang='lat' dir='ltr'>quorumdam</span> <span class='ocrx_word' id='word_1_487' title='bbox 1941 1394 2135 1432; x_wconf 90' lang='lat' dir='ltr'>invidiam</span> 
     </span>
     <span class='ocr_line' id='line_1_85' title="bbox 1167 1447 2133 1494; baseline 0.001 -10"><span class='ocrx_word' id='word_1_488' title='bbox 1167 1447 1301 1494; x_wconf 90' lang='lat' dir='ltr'>subiit,</span> <span class='ocrx_word' id='word_1_489' title='bbox 1317 1451 1362 1485; x_wconf 91' lang='lat' dir='ltr'>ut</span> <span class='ocrx_word' id='word_1_490' title='bbox 1382 1448 1417 1485; x_wconf 91' lang='lat' dir='ltr'>ei</span> <span class='ocrx_word' id='word_1_491' title='bbox 1437 1448 1476 1484; x_wconf 93' lang='lat' dir='ltr'>in</span> <span class='ocrx_word' id='word_1_492' title='bbox 1496 1448 1615 1485; x_wconf 88' lang='lat' dir='ltr'>calice</span> <span class='ocrx_word' id='word_1_493' title='bbox 1633 1460 1830 1485; x_wconf 89' lang='lat' dir='ltr'>venenum</span> <span class='ocrx_word' id='word_1_494' title='bbox 1850 1459 1873 1484; x_wconf 90' lang='lat' dir='ltr'>a</span> <span class='ocrx_word' id='word_1_495' title='bbox 1892 1447 2133 1485; x_wconf 88' lang='lat' dir='ltr'>subdiacono</span> 
     </span>
     <span class='ocr_line' id='line_1_86' title="bbox 1168 1500 2134 1550; baseline 0.002 -13"><span class='ocrx_word' id='word_1_496' title='bbox 1168 1500 1286 1538; x_wconf 88' lang='lat' dir='ltr'>fuerit</span> <span class='ocrx_word' id='word_1_497' title='bbox 1314 1501 1578 1549; x_wconf 89' lang='lat' dir='ltr'>propinatum,</span> <span class='ocrx_word' id='word_1_498' title='bbox 1599 1501 1668 1538; x_wconf 88' lang='lat' dir='ltr'>sed</span> <span class='ocrx_word' id='word_1_499' title='bbox 1696 1501 1870 1550; x_wconf 90' lang='lat' dir='ltr'>periculo</span> <span class='ocrx_word' id='word_1_500' title='bbox 1891 1501 2053 1549; x_wconf 90' lang='lat' dir='ltr'>ereptus</span> <span class='ocrx_word' id='word_1_501' title='bbox 2072 1503 2134 1539; x_wconf 86' lang='lat' dir='ltr'>est</span> 
     </span>
     <span class='ocr_line' id='line_1_87' title="bbox 1169 1552 2132 1602; baseline 0.001 -12"><span class='ocrx_word' id='word_1_502' title='bbox 1169 1565 1237 1602; x_wconf 90' lang='lat' dir='ltr'>per</span> <span class='ocrx_word' id='word_1_503' title='bbox 1265 1553 1488 1602; x_wconf 81' lang='lat' dir='ltr'>prodigium</span> <span class='ocrx_word' id='word_1_504' title='bbox 1517 1552 1544 1591; x_wconf 77' lang='grc'>3.</span> <span class='ocrx_word' id='word_1_505' title='bbox 1575 1555 1649 1591; x_wconf 90' lang='lat' dir='ltr'>An.</span> <span class='ocrx_word' id='word_1_506' title='bbox 1681 1553 1783 1591; x_wconf 83' lang='lat'>1056</span> <span class='ocrx_word' id='word_1_507' title='bbox 1812 1554 1861 1591; x_wconf 86' lang='lat' dir='ltr'>ab</span> <span class='ocrx_word' id='word_1_508' title='bbox 1882 1553 2053 1590; x_wconf 88' lang='lat' dir='ltr'>Henrico</span> <span class='ocrx_word' id='word_1_509' title='bbox 2074 1554 2132 1591; x_wconf 93' lang='lat' dir='ltr'>III</span> 
     </span>
     <span class='ocr_line' id='line_1_88' title="bbox 1167 1606 2132 1655; baseline 0.001 -12"><span class='ocrx_word' id='word_1_510' title='bbox 1167 1607 1207 1643; x_wconf 92' lang='lat' dir='ltr'>in</span> <span class='ocrx_word' id='word_1_511' title='bbox 1229 1606 1485 1644; x_wconf 85' lang='lat' dir='ltr'>Germaniam</span> <span class='ocrx_word' id='word_1_512' title='bbox 1505 1608 1684 1653; x_wconf 81' lang='lat' dir='ltr'>vocatus,</span> <span class='ocrx_word' id='word_1_513' title='bbox 1701 1606 1882 1643; x_wconf 88' lang='lat' dir='ltr'>morienti</span> <span class='ocrx_word' id='word_1_514' title='bbox 1901 1606 2132 1655; x_wconf 89' lang='lat' dir='ltr'>imperatori</span> 
     </span>
     <span class='ocr_line' id='line_1_89' title="bbox 1168 1659 2133 1709; baseline 0 -12"><span class='ocrx_word' id='word_1_515' title='bbox 1168 1659 1421 1708; x_wconf 88' lang='lat' dir='ltr'>apostolicam</span> <span class='ocrx_word' id='word_1_516' title='bbox 1437 1659 1747 1697; x_wconf 89' lang='lat' dir='ltr'>benedictionem</span> <span class='ocrx_word' id='word_1_517' title='bbox 1762 1659 1931 1709; x_wconf 82' lang='lat' dir='ltr'>largitus</span> <span class='ocrx_word' id='word_1_518' title='bbox 1947 1660 2008 1696; x_wconf 89' lang='lat' dir='ltr'>est</span> <span class='ocrx_word' id='word_1_519' title='bbox 2021 1688 2032 1706; x_wconf 88' lang='lat'>,</span> <span class='ocrx_word' id='word_1_520' title='bbox 2048 1659 2133 1698; x_wconf 85' lang='lat' dir='ltr'>eius</span> 
     </span>
     <span class='ocr_line' id='line_1_90' title="bbox 1168 1711 2132 1762; baseline 0.001 -13"><span class='ocrx_word' id='word_1_521' title='bbox 1168 1711 1293 1750; x_wconf 91' lang='lat' dir='ltr'>filium</span> <span class='ocrx_word' id='word_1_522' title='bbox 1315 1713 1627 1762; x_wconf 85' lang='lat' dir='ltr'>quinquennem,</span> <span class='ocrx_word' id='word_1_523' title='bbox 1650 1712 1866 1750; x_wconf 87' lang='lat' dir='ltr'>Henricum</span> <span class='ocrx_word' id='word_1_524' title='bbox 1887 1711 1956 1758; x_wconf 87' lang='lat' dir='ltr'>IV,</span> <span class='ocrx_word' id='word_1_525' title='bbox 1975 1724 1999 1750; x_wconf 89' lang='lat' dir='ltr'>a</span> <span class='ocrx_word' id='word_1_526' title='bbox 2019 1713 2132 1761; x_wconf 86' lang='lat' dir='ltr'>patre</span> 
     </span>
     <span class='ocr_line' id='line_1_91' title="bbox 1168 1765 2131 1814; baseline 0 -12"><span class='ocrx_word' id='word_1_527' title='bbox 1168 1777 1188 1802; x_wconf 90' lang='lat' dir='ltr'>e</span> <span class='ocrx_word' id='word_1_528' title='bbox 1219 1777 1426 1814; x_wconf 90' lang='lat' dir='ltr'>procerum</span> <span class='ocrx_word' id='word_1_529' title='bbox 1455 1777 1645 1804; x_wconf 89' lang='lat' dir='ltr'>consensu</span> <span class='ocrx_word' id='word_1_530' title='bbox 1666 1765 1704 1802; x_wconf 93' lang='lat' dir='ltr'>in</span> <span class='ocrx_word' id='word_1_531' title='bbox 1725 1776 1991 1803; x_wconf 87' lang='lat' dir='ltr'>successorem</span> <span class='ocrx_word' id='word_1_532' title='bbox 2021 1765 2131 1803; x_wconf 89' lang='lat' dir='ltr'>desi-</span> 
     </span>
     <span class='ocr_line' id='line_1_92' title="bbox 1168 1818 2132 1867; baseline -0.001 -11"><span class='ocrx_word' id='word_1_533' title='bbox 1168 1821 1344 1867; x_wconf 81' lang='lat' dir='ltr'>gnatum,</span> <span class='ocrx_word' id='word_1_534' title='bbox 1358 1819 1397 1855; x_wconf 90' lang='lat' dir='ltr'>in</span> <span class='ocrx_word' id='word_1_535' title='bbox 1417 1831 1528 1856; x_wconf 90' lang='lat' dir='ltr'>suam</span> <span class='ocrx_word' id='word_1_536' title='bbox 1548 1819 1715 1857; x_wconf 88' lang='lat' dir='ltr'>tutelam</span> <span class='ocrx_word' id='word_1_537' title='bbox 1735 1818 1920 1867; x_wconf 88' lang='lat' dir='ltr'>suscepit,</span> <span class='ocrx_word' id='word_1_538' title='bbox 1936 1819 2132 1867; x_wconf 88' lang='lat' dir='ltr'>rebusque</span> 
     </span>
     <span class='ocr_line' id='line_1_93' title="bbox 1168 1871 2132 1920; baseline 0 -11"><span class='ocrx_word' id='word_1_539' title='bbox 1168 1872 1406 1909; x_wconf 87' lang='lat' dir='ltr'>Germaniae</span> <span class='ocrx_word' id='word_1_540' title='bbox 1419 1872 1641 1920; x_wconf 89' lang='lat' dir='ltr'>compositis</span> <span class='ocrx_word' id='word_1_541' title='bbox 1658 1873 1698 1909; x_wconf 86' lang='lat' dir='ltr'>et</span> <span class='ocrx_word' id='word_1_542' title='bbox 1709 1883 1804 1920; x_wconf 90' lang='lat' dir='ltr'>pace</span> <span class='ocrx_word' id='word_1_543' title='bbox 1821 1872 1925 1909; x_wconf 87' lang='lat' dir='ltr'>inter</span> <span class='ocrx_word' id='word_1_544' title='bbox 1935 1871 2132 1920; x_wconf 86' lang='lat' dir='ltr'>principes</span> 
     </span>
     <span class='ocr_line' id='line_1_94' title="bbox 1167 1924 2130 1973; baseline -0.001 -11"><span class='ocrx_word' id='word_1_545' title='bbox 1167 1925 1403 1970; x_wconf 86' lang='lat' dir='ltr'>conciliata,</span> <span class='ocrx_word' id='word_1_546' title='bbox 1429 1926 1468 1962; x_wconf 90' lang='lat' dir='ltr'>in</span> <span class='ocrx_word' id='word_1_547' title='bbox 1499 1925 1654 1962; x_wconf 89' lang='lat' dir='ltr'>Italiam</span> <span class='ocrx_word' id='word_1_548' title='bbox 1683 1936 1889 1973; x_wconf 80' lang='lat' dir='ltr'>regressus</span> <span class='ocrx_word' id='word_1_549' title='bbox 1918 1927 1989 1961; x_wconf 90' lang='lat' dir='ltr'>est.</span> <span class='ocrx_word' id='word_1_550' title='bbox 2020 1924 2130 1961; x_wconf 91' lang='lat' dir='ltr'>Idem</span> 
     </span>
     <span class='ocr_line' id='line_1_95' title="bbox 1168 1977 2130 2016; baseline 0 -2"><span class='ocrx_word' id='word_1_551' title='bbox 1168 1978 1353 2016; x_wconf 86' lang='lat' dir='ltr'>Pontifex</span> <span class='ocrx_word' id='word_1_552' title='bbox 1383 1978 1695 2016; x_wconf 87' lang='lat' dir='ltr'>Hildebrandum</span> <span class='ocrx_word' id='word_1_553' title='bbox 1724 1979 1774 2016; x_wconf 92' lang='lat' dir='ltr'>R.</span> <span class='ocrx_word' id='word_1_554' title='bbox 1807 1978 1851 2015; x_wconf 84' lang='lat' dir='ltr'>E.</span> <span class='ocrx_word' id='word_1_555' title='bbox 1887 1977 2130 2015; x_wconf 89' lang='lat' dir='ltr'>cardinalem</span> 
     </span>
     <span class='ocr_line' id='line_1_96' title="bbox 1169 2030 2131 2080; baseline -0.001 -12"><span class='ocrx_word' id='word_1_556' title='bbox 1169 2032 1319 2080; x_wconf 82' lang='lat' dir='ltr'>legavit</span> <span class='ocrx_word' id='word_1_557' title='bbox 1338 2032 1377 2068; x_wconf 93' lang='lat' dir='ltr'>in</span> <span class='ocrx_word' id='word_1_558' title='bbox 1399 2031 1551 2069; x_wconf 86' lang='lat' dir='ltr'>Gallias</span> <span class='ocrx_word' id='word_1_559' title='bbox 1570 2033 1656 2068; x_wconf 92' lang='lat' dir='ltr'>tum</span> <span class='ocrx_word' id='word_1_560' title='bbox 1678 2031 1726 2068; x_wconf 88' lang='lat' dir='ltr'>ad</span> <span class='ocrx_word' id='word_1_561' title='bbox 1748 2031 1980 2078; x_wconf 80' lang='lat' dir='ltr'>corrigenda</span> <span class='ocrx_word' id='word_1_562' title='bbox 1999 2030 2131 2068; x_wconf 87' lang='lat' dir='ltr'>Eccle-</span> 
     </span>
     <span class='ocr_line' id='line_1_97' title="bbox 1168 2084 2130 2132; baseline 0 -10"><span class='ocrx_word' id='word_1_563' title='bbox 1168 2085 1314 2122; x_wconf 87' lang='lat' dir='ltr'>siarum</span> <span class='ocrx_word' id='word_1_564' title='bbox 1327 2085 1445 2131; x_wconf 86' lang='lat' dir='ltr'>mala,</span> <span class='ocrx_word' id='word_1_565' title='bbox 1458 2087 1543 2122; x_wconf 91' lang='lat' dir='ltr'>tum</span> <span class='ocrx_word' id='word_1_566' title='bbox 1560 2085 1606 2121; x_wconf 90' lang='lat' dir='ltr'>ad</span> <span class='ocrx_word' id='word_1_567' title='bbox 1625 2084 1915 2132; x_wconf 78' lang='lat' dir='ltr'>cognoscendas</span> <span class='ocrx_word' id='word_1_568' title='bbox 1935 2094 2130 2132; x_wconf 90' lang='lat' dir='ltr'>quorum-</span> 
     </span>
     <span class='ocr_line' id='line_1_98' title="bbox 1168 2138 1733 2187; baseline -0.002 -12"><span class='ocrx_word' id='word_1_569' title='bbox 1168 2138 1254 2175; x_wconf 88' lang='lat' dir='ltr'>dam</span> <span class='ocrx_word' id='word_1_570' title='bbox 1280 2138 1561 2187; x_wconf 86' lang='lat' dir='ltr'>Episcoporum</span> <span class='ocrx_word' id='word_1_571' title='bbox 1582 2148 1733 2174; x_wconf 89' lang='lat' dir='ltr'>causas.</span> 
     </span>
    </p>

    <p class='ocr_par' dir='ltr' id='par_1_13' title="bbox 1167 2189 2176 2716">
     <span class='ocr_line' id='line_1_99' title="bbox 1223 2189 2130 2239; baseline -0.001 -11"><span class='ocrx_word' id='word_1_572' title='bbox 1223 2191 1309 2228; x_wconf 82' lang='lat'>139.</span> <span class='ocrx_word' id='word_1_573' title='bbox 1343 2190 1500 2239; x_wconf 75' lang='lat' dir='ltr'>Synodz&#39;</span> <span class='ocrx_word' id='word_1_574' title='bbox 1525 2192 1571 2228; x_wconf 76' lang='lat' dir='ltr'>z&#39;n</span> <span class='ocrx_word' id='word_1_575' title='bbox 1609 2190 1749 2227; x_wconf 72' lang='lat' dir='ltr'>Gallia</span> <span class='ocrx_word' id='word_1_576' title='bbox 1782 2194 1823 2226; x_wconf 82' lang='lat' dir='ltr'>et</span> <span class='ocrx_word' id='word_1_577' title='bbox 1850 2189 2130 2238; x_wconf 68' lang='lat' dir='ltr'>IIispania-</span> 
     </span>
     <span class='ocr_line' id='line_1_100' title="bbox 1169 2242 2130 2281; baseline 0 -1"><span class='ocrx_word' id='word_1_578' title='bbox 1169 2243 1461 2281; x_wconf 87' lang='lat' dir='ltr'>Hildcbrandus</span> <span class='ocrx_word' id='word_1_579' title='bbox 1490 2243 1726 2280; x_wconf 88' lang='lat' dir='ltr'>demandata</span> <span class='ocrx_word' id='word_1_580' title='bbox 1755 2242 1826 2280; x_wconf 88' lang='lat' dir='ltr'>sibi</span> <span class='ocrx_word' id='word_1_581' title='bbox 1858 2254 1882 2279; x_wconf 90' lang='lat' dir='ltr'>a</span> <span class='ocrx_word' id='word_1_582' title='bbox 1902 2242 2063 2280; x_wconf 88' lang='lat' dir='ltr'>Victore</span> <span class='ocrx_word' id='word_1_583' title='bbox 2093 2243 2130 2280; x_wconf 94' lang='grc' dir='ltr'>ΙΙ</span> 
     </span>
     <span class='ocr_line' id='line_1_101' title="bbox 1167 2295 2130 2345; baseline 0.001 -13"><span class='ocrx_word' id='word_1_584' title='bbox 1167 2297 1362 2345; x_wconf 74' lang='lat' dir='ltr'>legatione</span> <span class='ocrx_word' id='word_1_585' title='bbox 1384 2296 1550 2334; x_wconf 89' lang='lat' dir='ltr'>sollicite</span> <span class='ocrx_word' id='word_1_586' title='bbox 1579 2295 1806 2344; x_wconf 89' lang='lat' dir='ltr'>perfunctus</span> <span class='ocrx_word' id='word_1_587' title='bbox 1826 2297 1911 2342; x_wconf 84' lang='lat' dir='ltr'>est3</span> <span class='ocrx_word' id='word_1_588' title='bbox 1939 2307 2001 2333; x_wconf 90' lang='lat' dir='ltr'>an.</span> <span class='ocrx_word' id='word_1_589' title='bbox 2026 2295 2130 2334; x_wconf 88' lang='grc'>1055</span> 
     </span>
     <span class='ocr_line' id='line_1_102' title="bbox 1168 2349 2131 2399; baseline 0 -13"><span class='ocrx_word' id='word_1_590' title='bbox 1168 2351 1217 2387; x_wconf 87' lang='lat' dir='ltr'>ad</span> <span class='ocrx_word' id='word_1_591' title='bbox 1239 2350 1517 2399; x_wconf 80' lang='lat' dir='ltr'>extirpandam</span> <span class='ocrx_word' id='word_1_592' title='bbox 1537 2349 1742 2386; x_wconf 89' lang='lat' dir='ltr'>simoniam</span> <span class='ocrx_word' id='word_1_593' title='bbox 1760 2349 1798 2386; x_wconf 94' lang='lat' dir='ltr'>in</span> <span class='ocrx_word' id='word_1_594' title='bbox 1818 2349 2020 2398; x_wconf 88' lang='lat' dir='ltr'>provincia</span> <span class='ocrx_word' id='word_1_595' title='bbox 2030 2349 2131 2398; x_wconf 82' lang='lat' dir='ltr'>Lug-</span> 
     </span>
     <span class='ocr_line' id='line_1_103' title="bbox 1168 2401 2130 2451; baseline 0 -12"><span class='ocrx_word' id='word_1_596' title='bbox 1168 2403 1332 2440; x_wconf 87' lang='lat' dir='ltr'>dunensi</span> <span class='ocrx_word' id='word_1_597' title='bbox 1363 2403 1557 2451; x_wconf 82' lang='lat' dir='ltr'>synodum</span> <span class='ocrx_word' id='word_1_598' title='bbox 1587 2402 1730 2449; x_wconf 70' lang='lat' dir='ltr'>coegit,</span> <span class='ocrx_word' id='word_1_599' title='bbox 1751 2402 1789 2438; x_wconf 94' lang='lat' dir='ltr'>in</span> <span class='ocrx_word' id='word_1_600' title='bbox 1819 2413 1897 2450; x_wconf 85' lang='lat' dir='ltr'>qua</span> <span class='ocrx_word' id='word_1_601' title='bbox 1925 2413 2014 2439; x_wconf 90' lang='lat' dir='ltr'>cum</span> <span class='ocrx_word' id='word_1_602' title='bbox 2043 2401 2130 2451; x_wconf 90' lang='lat' dir='ltr'>epi-</span> 
     </span>
     <span class='ocr_line' id='line_1_104' title="bbox 1168 2454 2176 2504; baseline -0.001 -11"><span class='ocrx_word' id='word_1_603' title='bbox 1168 2467 1325 2504; x_wconf 85' lang='lat' dir='ltr'>scopum</span> <span class='ocrx_word' id='word_1_604' title='bbox 1356 2455 1612 2493; x_wconf 86' lang='lat' dir='ltr'>simoniacum</span> <span class='ocrx_word' id='word_1_605' title='bbox 1635 2456 1683 2492; x_wconf 88' lang='lat' dir='ltr'>ad</span> <span class='ocrx_word' id='word_1_606' title='bbox 1713 2455 1887 2493; x_wconf 88' lang='lat' dir='ltr'>criminis</span> <span class='ocrx_word' id='word_1_607' title='bbox 1916 2454 2129 2493; x_wconf 86' lang='lat' dir='ltr'>confessio-</span> <span class='ocrx_word' id='word_1_608' title='bbox 2173 2472 2176 2475; x_wconf 93' lang='lat'>·</span> 
     </span>
     <span class='ocr_line' id='line_1_105' title="bbox 1170 2507 2129 2557; baseline -0.001 -12"><span class='ocrx_word' id='word_1_609' title='bbox 1170 2521 1256 2546; x_wconf 81' lang='lat' dir='ltr'>neni</span> <span class='ocrx_word' id='word_1_610' title='bbox 1286 2509 1475 2546; x_wconf 88' lang='lat' dir='ltr'>miraculo</span> <span class='ocrx_word' id='word_1_611' title='bbox 1505 2508 1716 2557; x_wconf 66' lang='lat' dir='ltr'>adegisset,</span> <span class='ocrx_word' id='word_1_612' title='bbox 1745 2508 1796 2546; x_wconf 78' lang='lat'>45</span> <span class='ocrx_word' id='word_1_613' title='bbox 1827 2508 1995 2557; x_wconf 89' lang='lat' dir='ltr'>episcopi</span> <span class='ocrx_word' id='word_1_614' title='bbox 2019 2511 2058 2545; x_wconf 88' lang='lat' dir='ltr'>et</span> <span class='ocrx_word' id='word_1_615' title='bbox 2077 2507 2129 2545; x_wconf 78' lang='lat'>27</span> 
     </span>
     <span class='ocr_line' id='line_1_106' title="bbox 1170 2561 2126 2610; baseline -0.001 -11"><span class='ocrx_word' id='word_1_616' title='bbox 1170 2562 1233 2599; x_wconf 92' lang='lat' dir='ltr'>alii</span> <span class='ocrx_word' id='word_1_617' title='bbox 1256 2561 1510 2599; x_wconf 87' lang='lat' dir='ltr'>ecclesiastici</span> <span class='ocrx_word' id='word_1_618' title='bbox 1541 2561 1710 2610; x_wconf 87' lang='lat' dir='ltr'>praclati</span> <span class='ocrx_word' id='word_1_619' title='bbox 1741 2573 1784 2598; x_wconf 90' lang='lat' dir='ltr'>se</span> <span class='ocrx_word' id='word_1_620' title='bbox 1818 2561 2007 2599; x_wconf 89' lang='lat' dir='ltr'>simoniae</span> <span class='ocrx_word' id='word_1_621' title='bbox 2037 2571 2126 2598; x_wconf 88' lang='lat' dir='ltr'>reos</span> 
     </span>
     <span class='ocr_line' id='line_1_107' title="bbox 1170 2613 2130 2663; baseline -0.002 -11"><span class='ocrx_word' id='word_1_622' title='bbox 1170 2615 1334 2652; x_wconf 86' lang='lat' dir='ltr'>confessi</span> <span class='ocrx_word' id='word_1_623' title='bbox 1356 2618 1460 2661; x_wconf 88' lang='lat' dir='ltr'>sunt,</span> <span class='ocrx_word' id='word_1_624' title='bbox 1476 2626 1595 2663; x_wconf 84' lang='lat' dir='ltr'>seque</span> <span class='ocrx_word' id='word_1_625' title='bbox 1615 2616 1752 2663; x_wconf 88' lang='lat' dir='ltr'>sponte</span> <span class='ocrx_word' id='word_1_626' title='bbox 1773 2614 2031 2663; x_wconf 81' lang='lat' dir='ltr'>dignitatibus</span> <span class='ocrx_word' id='word_1_627' title='bbox 2051 2613 2130 2651; x_wconf 89' lang='lat' dir='ltr'>suis</span> 
     </span>
     <span class='ocr_line' id='line_1_108' title="bbox 1169 2666 2131 2716; baseline -0.001 -11"><span class='ocrx_word' id='word_1_628' title='bbox 1169 2668 1398 2705; x_wconf 84' lang='lat' dir='ltr'>abdicarunt</span> <span class='ocrx_word' id='word_1_629' title='bbox 1425 2667 1450 2705; x_wconf 80' lang='lat'>⁴.</span> <span class='ocrx_word' id='word_1_630' title='bbox 1482 2667 1613 2705; x_wconf 88' lang='lat' dir='ltr'>Aliam</span> <span class='ocrx_word' id='word_1_631' title='bbox 1642 2668 1781 2705; x_wconf 86' lang='lat' dir='ltr'>codem</span> <span class='ocrx_word' id='word_1_632' title='bbox 1812 2679 1914 2705; x_wconf 89' lang='lat' dir='ltr'>anno</span> <span class='ocrx_word' id='word_1_633' title='bbox 1935 2666 2131 2716; x_wconf 80' lang='lat' dir='ltr'>synodum</span> 
     </span>
    </p>
   </div>
   <div class='ocr_carea' id='block_1_8' title="bbox 1168 2759 2132 3212">
    <p class='ocr_par' dir='ltr' id='par_1_14' title="bbox 1169 2759 2132 3008">
     <span class='ocr_line' id='line_1_109' title="bbox 1171 2759 2130 2800; baseline -0.001 -8"><span class='ocrx_word' id='word_1_634' title='bbox 1171 2772 1247 2793; x_wconf 73' lang='lat' dir='ltr'>rano</span> <span class='ocrx_word' id='word_1_635' title='bbox 1264 2762 1293 2792; x_wconf 93' lang='lat' dir='ltr'>in</span> <span class='ocrx_word' id='word_1_636' title='bbox 1311 2762 1491 2792; x_wconf 75' lang='lat' dir='ltr'>Vaticanum</span> <span class='ocrx_word' id='word_1_637' title='bbox 1510 2761 1601 2791; x_wconf 82' lang='lat' dir='ltr'>nudis</span> <span class='ocrx_word' id='word_1_638' title='bbox 1620 2760 1765 2800; x_wconf 81' lang='lat' dir='ltr'>pedibus,</span> <span class='ocrx_word' id='word_1_639' title='bbox 1784 2761 1883 2791; x_wconf 84' lang='lat' dir='ltr'>tribus</span> <span class='ocrx_word' id='word_1_640' title='bbox 1901 2762 2020 2791; x_wconf 77' lang='lat' dir='ltr'>tantum</span> <span class='ocrx_word' id='word_1_641' title='bbox 2037 2759 2130 2791; x_wconf 82' lang='lat' dir='ltr'>cleri-</span> 
     </span>
     <span class='ocr_line' id='line_1_110' title="bbox 1169 2800 2132 2842; baseline -0.001 -9"><span class='ocrx_word' id='word_1_642' title='bbox 1169 2805 1214 2833; x_wconf 78' lang='lat' dir='ltr'>cis</span> <span class='ocrx_word' id='word_1_643' title='bbox 1239 2804 1417 2841; x_wconf 74' lang='lat' dir='ltr'>comitatus,</span> <span class='ocrx_word' id='word_1_644' title='bbox 1435 2803 1559 2833; x_wconf 77' lang='lat' dir='ltr'>silentio</span> <span class='ocrx_word' id='word_1_645' title='bbox 1583 2803 1682 2833; x_wconf 78' lang='lat' dir='ltr'>noctis</span> <span class='ocrx_word' id='word_1_646' title='bbox 1707 2802 1879 2842; x_wconf 83' lang='lat' dir='ltr'>procedere</span> <span class='ocrx_word' id='word_1_647' title='bbox 1897 2800 2062 2841; x_wconf 77' lang='lat' dir='ltr'>psallendo</span> <span class='ocrx_word' id='word_1_648' title='bbox 2080 2805 2132 2832; x_wconf 79' lang='lat' dir='ltr'>ai-</span> 
     </span>
     <span class='ocr_line' id='line_1_111' title="bbox 1170 2842 2130 2884; baseline -0.002 -10"><span class='ocrx_word' id='word_1_649' title='bbox 1170 2854 1228 2884; x_wconf 83' lang='lat' dir='ltr'>qnc</span> <span class='ocrx_word' id='word_1_650' title='bbox 1253 2845 1370 2875; x_wconf 76' lang='lat' dir='ltr'>orando</span> <span class='ocrx_word' id='word_1_651' title='bbox 1389 2845 1512 2875; x_wconf 66' lang='lat' dir='ltr'>solvi-ei.</span> <span class='ocrx_word' id='word_1_652' title='bbox 1527 2861 1563 2865; x_wconf 86' lang='lat'>-—</span> <span class='ocrx_word' id='word_1_653' title='bbox 1580 2844 1710 2882; x_wconf 82' lang='lat' dir='ltr'>Scripsit</span> <span class='ocrx_word' id='word_1_654' title='bbox 1727 2852 1848 2883; x_wconf 84' lang='lat' dir='ltr'>quoquc</span> <span class='ocrx_word' id='word_1_655' title='bbox 1869 2842 2018 2873; x_wconf 85' lang='lat' dir='ltr'>nonnulla</span> <span class='ocrx_word' id='word_1_656' title='bbox 2035 2851 2130 2881; x_wconf 82' lang='lat' dir='ltr'>prac-</span> 
     </span>
     <span class='ocr_line' id='line_1_112' title="bbox 1169 2884 2131 2925; baseline -0.003 -9"><span class='ocrx_word' id='word_1_657' title='bbox 1169 2887 1255 2916; x_wconf 81' lang='lat' dir='ltr'>ciara</span> <span class='ocrx_word' id='word_1_658' title='bbox 1269 2887 1431 2924; x_wconf 69' lang='lat' dir='ltr'>opusc-nia,</span> <span class='ocrx_word' id='word_1_659' title='bbox 1445 2886 1473 2916; x_wconf 93' lang='lat' dir='ltr'>in</span> <span class='ocrx_word' id='word_1_660' title='bbox 1488 2886 1599 2925; x_wconf 78' lang='lat' dir='ltr'>quibus</span> <span class='ocrx_word' id='word_1_661' title='bbox 1618 2884 1733 2924; x_wconf 81' lang='lat' dir='ltr'>eloquii</span> <span class='ocrx_word' id='word_1_662' title='bbox 1751 2888 1898 2915; x_wconf 78' lang='lat' dir='ltr'>venusias</span> <span class='ocrx_word' id='word_1_663' title='bbox 1917 2887 1946 2915; x_wconf 87' lang='lat' dir='ltr'>ct</span> <span class='ocrx_word' id='word_1_664' title='bbox 1963 2884 2131 2914; x_wconf 80' lang='lat' dir='ltr'>sentcntia-</span> 
     </span>
     <span class='ocr_line' id='line_1_113' title="bbox 1170 2925 2132 2964; baseline -0.002 -7"><span class='ocrx_word' id='word_1_665' title='bbox 1170 2937 1235 2957; x_wconf 86' lang='lat' dir='ltr'>rnin</span> <span class='ocrx_word' id='word_1_666' title='bbox 1261 2927 1436 2957; x_wconf 76' lang='lat' dir='ltr'>sublimiias</span> <span class='ocrx_word' id='word_1_667' title='bbox 1461 2927 1569 2957; x_wconf 66' lang='lat' dir='ltr'>inieriio</span> <span class='ocrx_word' id='word_1_668' title='bbox 1586 2925 1831 2956; x_wconf 76' lang='lat' dir='ltr'>connnendatur.</span> <span class='ocrx_word' id='word_1_669' title='bbox 1847 2925 1913 2956; x_wconf 88' lang='lat' dir='ltr'>Vid.</span> <span class='ocrx_word' id='word_1_670' title='bbox 1933 2925 2132 2964; x_wconf 78' lang='lat' dir='ltr'>&#39;l&#39;i·iihemius,</span> 
     </span>
     <span class='ocr_line' id='line_1_114' title="bbox 1170 2967 1677 3008; baseline -0.002 -10"><span class='ocrx_word' id='word_1_671' title='bbox 1170 2968 1212 2999; x_wconf 76' lang='lat' dir='ltr'>De</span> <span class='ocrx_word' id='word_1_672' title='bbox 1229 2968 1447 3008; x_wconf 54' lang='lat' dir='ltr'>scriptor-ilius</span> <span class='ocrx_word' id='word_1_673' title='bbox 1464 2967 1546 2999; x_wconf 60' lang='grc' dir='ltr'>[δυσί.</span> <span class='ocrx_word' id='word_1_674' title='bbox 1565 2977 1590 2998; x_wconf 88' lang='lat' dir='ltr'>c.</span> <span class='ocrx_word' id='word_1_675' title='bbox 1609 2967 1677 2997; x_wconf 82' lang='lat'>331.</span> 
     </span>
    </p>

    <p class='ocr_par' dir='ltr' id='par_1_15' title="bbox 1168 3007 2129 3087">
     <span class='ocr_line' id='line_1_115' title="bbox 1212 3007 2129 3047; baseline -0.002 -8"><span class='ocrx_word' id='word_1_676' title='bbox 1212 3009 1297 3039; x_wconf 82' lang='lat' dir='ltr'>¹i.co</span> <span class='ocrx_word' id='word_1_677' title='bbox 1321 3010 1464 3047; x_wconf 62' lang='lat' dir='ltr'>osiiens,</span> <span class='ocrx_word' id='word_1_678' title='bbox 1491 3009 1608 3040; x_wconf 71' lang='lat' dir='ltr'>Gliron.</span> <span class='ocrx_word' id='word_1_679' title='bbox 1636 3007 1740 3040; x_wconf 67' lang='lat' dir='ltr'>oasin.</span> <span class='ocrx_word' id='word_1_680' title='bbox 1766 3007 1785 3038; x_wconf 94' lang='grc'>1.</span> <span class='ocrx_word' id='word_1_681' title='bbox 1810 3007 1849 3046; x_wconf 92' lang='lat'>11,</span> <span class='ocrx_word' id='word_1_682' title='bbox 1874 3017 1898 3038; x_wconf 87' lang='lat' dir='ltr'>c.</span> <span class='ocrx_word' id='word_1_683' title='bbox 1919 3007 1967 3046; x_wconf 78' lang='lat'>803</span> <span class='ocrx_word' id='word_1_684' title='bbox 1986 3007 2129 3038; x_wconf 73' lang='lat' dir='ltr'>norman.</span> 
     </span>
     <span class='ocr_line' id='line_1_116' title="bbox 1168 3049 2040 3087; baseline 0 -8"><span class='ocrx_word' id='word_1_685' title='bbox 1168 3052 1338 3087; x_wconf 66' lang='lat' dir='ltr'>Contract,</span> <span class='ocrx_word' id='word_1_686' title='bbox 1360 3049 1477 3081; x_wconf 78' lang='lat' dir='ltr'>Chron.</span> <span class='ocrx_word' id='word_1_687' title='bbox 2036 3068 2040 3073; x_wconf 91' lang='lat'><em>-</em></span> 
     </span>
    </p>

    <p class='ocr_par' dir='ltr' id='par_1_16' title="bbox 1208 3089 1748 3131">
     <span class='ocr_line' id='line_1_117' title="bbox 1208 3089 1748 3131; baseline -0.006 -10"><span class='ocrx_word' id='word_1_688' title='bbox 1208 3093 1220 3113; x_wconf 67' lang='lat'><strong>²</strong></span> <span class='ocrx_word' id='word_1_689' title='bbox 1240 3092 1352 3131; x_wconf 51' lang='lat' dir='ltr'>labbe,</span> <span class='ocrx_word' id='word_1_690' title='bbox 1371 3091 1491 3121; x_wconf 60' lang='lat' dir='ltr'>(Julistl&#39;l.</span> <span class='ocrx_word' id='word_1_691' title='bbox 1508 3093 1526 3120; x_wconf 72' lang='grc' dir='ltr'>ἲ.</span> <span class='ocrx_word' id='word_1_692' title='bbox 1549 3091 1596 3128; x_wconf 65' lang='lat' dir='ltr'>ix,</span> <span class='ocrx_word' id='word_1_693' title='bbox 1613 3100 1641 3129; x_wconf 86' lang='lat'>1).</span> <span class='ocrx_word' id='word_1_694' title='bbox 1664 3089 1748 3120; x_wconf 70' lang='grc'>1079.</span> 
     </span>
    </p>

    <p class='ocr_par' dir='ltr' id='par_1_17' title="bbox 1208 3130 1784 3171">
     <span class='ocr_line' id='line_1_118' title="bbox 1208 3130 1784 3171; baseline -0.002 -9"><span class='ocrx_word' id='word_1_695' title='bbox 1208 3133 1221 3154; x_wconf 80' lang='lat'><strong>3</strong></span> <span class='ocrx_word' id='word_1_696' title='bbox 1240 3133 1394 3163; x_wconf 74' lang='lat' dir='ltr'>Lainlici’t.</span> <span class='ocrx_word' id='word_1_697' title='bbox 1409 3132 1648 3171; x_wconf 66' lang='lat' dir='ltr'>Scli:isn:il)iii·g.,</span> <span class='ocrx_word' id='word_1_698' title='bbox 1667 3130 1784 3161; x_wconf 70' lang='grc' dir='ltr'>(ΗΠ-οη.</span> 
     </span>
    </p>

    <p class='ocr_par' dir='ltr' id='par_1_18' title="bbox 1208 3173 1751 3212">
     <span class='ocr_line' id='line_1_119' title="bbox 1208 3173 1751 3212; baseline -0.004 -8"><span class='ocrx_word' id='word_1_699' title='bbox 1208 3174 1219 3195; x_wconf 78' lang='lat'><strong>⁴</strong></span> <span class='ocrx_word' id='word_1_700' title='bbox 1238 3174 1349 3212; x_wconf 70' lang='lat' dir='ltr'>Labbv,</span> <span class='ocrx_word' id='word_1_701' title='bbox 1371 3173 1492 3205; x_wconf 65' lang='lat' dir='ltr'>(lom-il.</span> <span class='ocrx_word' id='word_1_702' title='bbox 1512 3177 1529 3204; x_wconf 83' lang='lat' dir='ltr'>t.</span> <span class='ocrx_word' id='word_1_703' title='bbox 1549 3173 1598 3212; x_wconf 73' lang='lat' dir='ltr'>lx,</span> <span class='ocrx_word' id='word_1_704' title='bbox 1617 3183 1642 3212; x_wconf 81' lang='lat' dir='ltr'>p.</span> <span class='ocrx_word' id='word_1_705' title='bbox 1663 3173 1751 3203; x_wconf 67' lang='lat'>1080.</span> 
     </span>
    </p>
   </div>
  </div>
 </body>
</html>
