2241 3473
572 129 699 160 VSQVE
727 130 779 156 AD
806 127 1114 156 PON‘rn-*Icarvlu
1142 128 1173 155 S.
1194 127 1389 156 GREGORII
1419 127 1490 155 v11.

66 195 126 234 nis
139 193 196 232 IX
211 203 426 238 successor,
442 192 617 231 an.1055
633 193 670 230 in
687 193 835 242 synodo
848 192 1015 230 Floren-

65 248 149 286 tina
167 245 376 284 decessoris
395 246 455 283 sui
477 246 643 285 deci-cta.
657 246 915 283 confirmavit.
936 245 1015 282 Eo-

65 300 150 337 dem
179 309 280 336 anno
309 298 347 334 in
377 298 525 346 synodo
542 298 763 335 Turonensi
783 299 855 335 sub
877 297 1012 334 Hilde-

64 350 210 389 brando
223 379 232 395 ,
252 351 498 398 Apostolicae
513 351 626 388 Sedis
644 351 771 398 legato
785 364 798 394 ,·
812 351 1014 398 Bcrenga-

64 403 160 448 rius,
175 414 199 440 a
219 403 440 439 Lanfranco
457 404 662 440 haereseos
679 402 884 439 convictus
897 431 908 447 ‚
930 413 1015 439 cam

64 454 233 493 eiuravit
261 458 303 492 ct
330 456 560 492 catholicam
583 454 795 492 doctrinam
826 454 1020 501 professus

65 511 124 545 est
147 506 180 553 ¹3
200 519 335 544 verum
368 508 482 555 paulo
504 512 588 555 post
612 507 804 543 eiuratam
828 506 1017 543 haeresim

65 560 272 607 resumpsit
295 573 303 605 ;
332 563 567 608 quapropter
594 559 780 596 Nicolaus
800 558 869 606 Pp.
892 558 927 594 11
958 569 1018 595 an.

67 612 169 650 1059
186 612 337 649 Romae
362 612 435 650 113
450 612 714 660 episcoporum
732 611 922 659 synodum
940 614 1021 647 coc-

65 664 136 714 git,
153 665 190 702 in
209 675 285 712 qua
296 664 557 712 Berengarius
576 674 762 712 perversa
781 673 855 699 sua
874 663 1020 710 scripta

67 729 153 754 cum
171 716 627 764 libroIoannisErigenae
644 715 682 752 in
699 716 826 763 ignem
840 715 1019 760 coniecit,

66 772 105 806 et
120 769 331 806 secundum
350 769 628 818 praescriptam
646 768 719 804 sibi
736 766 943 804 formulam
961 778 1020 803 er-

66 832 172 859 rores
187 833 275 859 suos
289 821 473 865 ejuravit,
483 820 792 868 catholicamque
805 819 1021 856 doctrinam

64 873 260 922 professus
282 877 340 911 est
360 871 394 919 ²3
417 880 458 909 at
478 873 587 910 brevi
607 875 694 920 post
716 871 899 920 pristinos
920 883 1023 908 erro-

65 937 128 963 res
162 937 300 963 rursus
331 925 504 962 tradidit.
529 925 752 962 Alexander
782 925 852 972 Pp.
876 924 911 960 11
932 935 1021 960 eum

66 978 213 1016 frustra
231 978 278 1016 ad
303 978 502 1015 meliorem
525 977 677 1025 frugem
698 977 883 1013 reducere
900 987 1021 1013 cona-

65 1033 128 1069 tus
159 1033 228 1068 est.
249 1031 321 1068 An.
345 1029 446 1068 1079
472 1030 509 1066 in
532 1030 710 1066 Romana
730 1029 877 1078 synodo
898 1029 969 1065 sub
991 1041 1019 1066 s.

66 1083 255 1132 Gregorio
285 1083 354 1131 Pp.
385 1083 460 1120 VII
490 1082 756 1129 Berengarius
777 1092 913 1118 rursus
934 1081 1020 1117 eiu-

65 1139 153 1174 rata
186 1135 359 1180 haeresi,
395 1134 481 1171 fidei
515 1134 710 1172 formulae
745 1133 974 1182 subscripsit
993 1132 1020 1179 3,

65 1189 132 1226 sed
159 1188 199 1225 in
229 1187 393 1237 patriam
422 1187 548 1224 redux
577 1186 666 1223 fidei
697 1185 1017 1234 subscriptionem

65 1241 177 1288 quasi
211 1242 318 1278 metu
354 1241 550 1277 extortam
589 1240 793 1276 revocavit
811 1267 820 1285 ,
842 1242 881 1276 et
901 1239 1020 1287 ipsius

66 1292 267 1331 Pontificis
313 1291 430 1330 fidem
480 1292 758 1329 calumniando
796 1294 1019 1339 suspectam

65 1345 229 1383 reddere
257 1347 420 1382 conatus
449 1347 518 1382 est.
544 1345 707 1381 Demum
735 1356 837 1381 anno
861 1343 961 1382 1080
981 1343 1019 1380 in

65 1396 338 1446 Burdigalensi
367 1398 515 1446 synodo
545 1397 688 1434 iterum
707 1397 939 1434 catholicam
970 1396 1019 1432 fi-

66 1450 151 1487 dem
172 1449 549 1498 professuS,secessit
561 1450 599 1486 in
613 1449 780 1486 insulam
793 1461 843 1487 ss
858 1451 1019 1487 Cosmae

67 1504 108 1540 et
141 1502 324 1540 Dami-ani
359 1513 478 1551 prope
512 1503 700 1547 Turones,
722 1502 786 1539 ubi
808 1502 1019 1539 secundum

66 1555 289 1603 aequalium
319 1555 553 1603 scriptorum
573 1555 798 1592 testimonia
818 1558 858 1592 et
877 1565 1019 1602 recep-

65 1610 147 1645 tam
163 1607 266 1655 apud
281 1607 531 1644 Turonenses
546 1608 798 1644 traditionem
815 1607 918 1644 inter
934 1618 1019 1655 poe-

66 1659 257 1697 nitentiae
277 1660 466 1697 exercitia
486 1660 582 1696 obiit
602 1672 661 1696 an.
688 1660 789 1697 1088
809 1660 835 1697 ⁴.

122 1712 207 1750 137.
224 1713 440 1749 Michaelis
466 1712 678 1750 Cerularii
702 1713 878 1749 schisma
893 1723 1020 1760 gyrate-

67 1764 258 1802 cum-In
273 1764 433 1801 Oriente
449 1765 643 1802 teterrimi
659 1765 878 1802 schismatis
889 1765 1022 1801 funda-

67 1819 200 1855 menta
218 1817 358 1865 posuit,
379 1829 448 1854 seu
468 1817 636 1854 schisma
659 1818 851 1866 quondam
872 1829 896 1854 a
912 1817 1019 1854 Pho-

68 1870 124 1907 tio
143 1870 357 1907 excitatum
379 1873 418 1907 et
436 1872 523 1918 post
543 1869 626 1907 eius
646 1873 811 1907 mortem
838 1871 1019 1918 sopitum,

67 1921 304 1960 instauravit
329 1922 499 1960 Michael
528 1922 769 1969 Cerularius,
799 1923 1023 1970 patriarcha

68 1975 148 2023 Cp.,
167 1974 230 2011 vir
257 1975 472 2012 turbulenti
493 1975 637 2023 ingenii
661 1987 913 2024 summaeque
933 1986 1020 2012 am-

66 2026 234 2064 bitionis.
254 2027 291 2064 Is
311 2039 386 2064 non
407 2030 563 2065 tantum
586 2028 830 2064 oecumenici
852 2028 1020 2076 patriar-

67 2079 162 2116 chae
183 2080 482 2128 appellationem
504 2083 544 2117 et
563 2080 603 2116 in
623 2080 933 2118 Alexandrinum
956 2083 1021 2117 at-

68 2143 142 2180 que
162 2133 452 2170 Antiochenum
482 2133 725 2181 patriarchas
746 2133 1020 2170 auctoritatem

70 2195 258 2233 usurpare
295 2186 468 2222 tentavit
489 2214 498 2231 ,
536 2187 603 2223 sed
651 2188 776 2222 totam
813 2186 1020 2223 ecclesiam

69 2236 259 2274 Graecam
289 2249 312 2275 a
340 2238 609 2275 communione
639 2250 728 2275 cum
749 2238 893 2276 Latina
912 2237 1021 2275 avel-

68 2288 152 2325 lere
181 2292 342 2327 conatus
369 2293 440 2328 est.
463 2291 507 2327 In
526 2291 663 2339 primis
684 2303 746 2328 an.
771 2291 872 2329 1053
893 2303 963 2328 suo
983 2293 1023 2327 et

70 2340 210 2378 Leonis
236 2342 419 2379 Acridani
449 2343 488 2379 in
517 2343 711 2391 Bulgaria
739 2344 1023 2392 metropolitae,

69 2404 185 2440 quem
224 2394 279 2431 uti
318 2393 520 2442 Nicetam,
550 2396 782 2433 monachum
804 2396 1022 2441 Studitam,

69 2445 305 2483 schismatici
334 2447 484 2484 consilii
512 2449 661 2485 socium
687 2449 848 2494 habuit,
869 2449 1022 2486 nomine

69 2497 274 2545 epistolam
310 2500 465 2548 scripsit
493 2501 540 2537 ad
569 2501 755 2538 Ioannem
785 2501 1021 2539 Tranensem

69 2549 110 2586 in
130 2550 273 2598 Apulia
301 2551 535 2600 episcopum,
555 2553 594 2590 in
626 2565 701 2601 qua
721 2554 924 2591 ecclesiam
945 2554 1022 2591 La-

70 2601 194 2639 tinam
212 2604 365 2652 magnis
389 2604 542 2652 quidem
563 2606 759 2652 conviciis,
779 2607 844 2644 sed
864 2606 1024 2644 misellis

71 2654 285 2692 rationibus
305 2657 628 2705 accusabat,quod
646 2658 682 2694 in
699 2659 1023 2696 conficiendaEu·

71 2706 259 2744 charistia
279 2710 459 2745 uteretur
479 2721 575 2757 pane
596 2722 743 2758 azymo,
764 2723 918 2748 carnem
940 2711 1022 2748 suf-

71 2758 239 2797 focatam
269 2760 412 2806 ederet,
433 2760 493 2797 die
512 2762 674 2799 sabbato
694 2763 901 2809 ieiunaret,
924 2766 964 2801 et
982 2764 1020 2800 in

72 2811 372 2860 quadragesima
392 2824 466 2849 non
487 2817 647 2851 caneret
665 2815 869 2862 Atletuz'a3
885 2817 1022 2853 admo-

73 2864 158 2901 nuit
176 2865 400 2913 episcopum
420 2865 672 2912 Tranensem,
697 2868 739 2904 ut
755 2867 868 2905 istam
885 2870 1023 2918 episto-

115 2980 126 3002 t
143 2983 254 3021 Labbe,
266 2987 286 3014 t.
305 2983 352 3018 lx,
370 2991 397 3019 p.
416 2981 560 3014 ‘1079-81.

112 3020 218 3053 ²1bid.
237 3034 265 3063 p.
286 3023 375 3054 1100.

113 3061 128 3084 ³
142 3063 234 3102 ldem,
250 3069 269 3095 t.
287 3065 323 3102 X,
340 3074 370 3103 p.
386 3063 456 3095 378.

114 3102 129 3125 ⁴
144 3104 181 3134 Cf
198 3105 352 3143 Mabillon,
376 3104 507 3136 Dissert.
524 3104 562 3135 de
584 3104 779 3146 Berenyarii
801 3106 1019 3146 damnatione,

75 3142 204 3185 relapsu
219 3147 251 3177 et
261 3145 471 3187 poenitentia,
487 3145 519 3176 in
536 3146 679 3178 Analect.
696 3151 713 3177 t.
731 3149 765 3185 ll,
782 3157 810 3187 p.
828 3146 897 3180 477.

1881 116 1956 155 281

1062 191 1141 229 lam
1172 192 1274 229 inter
1304 192 1464 229 Latinos
1497 191 1741 240 propagaret.
1780 191 1838 228 Ea
1866 193 2014 238 autem,

1062 256 1160 292 quac
1194 244 1377 282 Michael.
1395 245 1616 282 Cerularius
1645 243 1908 292 exprobrabat
1934 244 2016 281 La-

1062 297 1168 342 tinis,
1194 309 1268 334 non
1299 308 1380 334 csse
1408 297 1604 345 legitimas
1632 307 1768 334 causas
1798 295 1863 333 sed
1885 295 2017 334 futiles

1062 349 1325 386 calumniandi
1360 352 1591 398 praetextus
1607 378 1616 395 ,
1654 348 1903 386 manifestum
1946 350 2016 386 est.

1064 402 1208 438 Eodem
1248 403 1422 449 tompore
1461 402 1590 439 audax
1621 400 1845 439 Cerularius
1883 412 2018 438 omnes

1062 454 1292 490 Latinorum
1314 455 1351 490 in
1374 455 1467 491 urbe
1485 452 1817 501 Constantinopoli
1833 452 2015 490 ecclesias

1062 505 1210 550 claudi,
1234 509 1273 543 ct
1293 507 1500 543 monachos
1529 507 1626 544 ritus
1648 506 1761 544 latini
1783 517 1804 542 e
1824 505 2017 542 coenobiis

1061 558 1140 595 suis
1160 558 1245 594 eiici
1266 558 1377 595 iussit
1398 557 1422 595 ¹.

1115 610 1153 646 S.
1175 610 1258 659 Leo⁴
1287 610 1343 647 IX
1378 611 1423 647 dc
1457 610 1516 647 his
1550 609 1693 647 certior
1727 611 1874 656 factus,
1894 609 2016 658 proli-

1062 673 1166 707 xam,
1187 662 1381 699 eruditam
1403 665 1443 699 et
1462 673 1625 710 gravem
1651 662 1854 711 epistolam
1877 664 1924 699 ad
1942 663 2019 700 Mi-

1062 712 1237 751 chaelem
1259 714 1426 763 scripsit,
1447 714 1484 750 in
1507 726 1584 762 qua
1610 715 1800 752 unitatem
1817 715 2017 752 Ecclesiae

1062 770 1102 803 et
1129 766 1376 815 Apostolicae
1405 767 1516 803 Sedis
1545 768 1823 804 auctoritatem
1857 767 2014 816 egregie

1062 817 1250 864 defendit,
1280 819 1486 856 Michaelis
1515 819 1718 857 audaciam
1747 821 1786 856 et
1828 821 2016 868 pessimos

1063 870 1236 917 effectus,
1256 872 1323 919 qui
1352 882 1401 909 ex
1431 883 1477 908 ea
1506 871 1616 918 sequi
1651 874 1827 919 possent,
1849 872 2018 909 ostendit

1062 923 1388 971 perstrinxitque,
1422 925 1462 960 et
1496 935 1584 960 eum
1618 924 1666 960 ad
1707 923 2018 971 resipiscentiam

1063 976 1241 1013 hortatus
1264 980 1323 1013 est
1333 975 1360 1013 ².
1378 976 1566 1029 Michael,
1584 976 1666 1012 sive
1684 976 1790 1013 iussu
1808 977 2018 1024 imperato-

1062 1027 1113 1064 ris
1126 1027 1369 1065 Constantini
1385 1028 1732 1074 Monomachi,sive
1748 1028 1862 1065 minis
1874 1029 2017 1066 civium

1063 1091 1158 1128 erga
1179 1080 1227 1117 R.
1251 1081 1466 1117 Ecclesiam
1497 1080 1623 1129 magis
1644 1080 1903 1126 addictorum,
1923 1093 2018 1129 per-

1063 1134 1206 1178 motus,
1221 1133 1374 1170 litteras
1394 1133 1498 1181 pacis
1519 1133 1799 1169 conciliatrices
1820 1134 1868 1170 ad
1889 1134 2018 1170 Ponti-

1061 1184 1171 1221 ficem
1194 1186 1377 1223 reddidit.
1400 1186 1646 1233 Quapropter
1662 1186 1741 1222 Leo
1758 1185 1815 1221 IX
1834 1186 2020 1223 Constan-

1062 1237 1264 1285 tinopolim
1280 1238 1430 1286 legavit
1447 1238 1708 1275 Humbertum
1731 1237 1966 1274 cardinalem
1986 1250 2020 1275 e-

1063 1289 1264 1338 piscopum
1279 1290 1412 1328 Silvae
1429 1290 1638 1336 Candidae,
1655 1291 1818 1327 Petrum
1834 1291 2022 1339 archiepi-

1061 1354 1218 1391 scopum
1236 1344 1560 1391 Amalphitanum
1578 1348 1618 1380 et
1628 1343 1871 1380 Fridericum
1891 1344 1938 1380 R.
1952 1344 2021 1380 Ec-

1063 1395 1204 1432 clesiae
1221 1396 1438 1441 diaconum,
1451 1396 1582 1444 eisque
1597 1395 1751 1432 litteras
1767 1395 1874 1433 dedit
1885 1396 1933 1432 ad
1950 1397 2022 1433 Mi-

1063 1447 1238 1485 chaelem
1267 1449 1530 1497 patriarcham
1563 1451 1602 1485 et
1630 1448 1924 1485 Constantinum
1945 1448 2020 1485 im-

1063 1501 1286 1548 peratorem
1297 1500 1323 1538 ³.
1337 1502 1379 1538 In
1397 1501 1560 1549 epistola
1576 1501 1623 1538 ad
1642 1501 1905 1549 patriarcham
1923 1501 2021 1537 Pon-

1062 1552 1158 1590 tifex
1175 1554 1208 1590 ei
1224 1554 1452 1602 gratulatur
1464 1554 1563 1601 quod
1578 1565 1678 1590 nunc
1690 1553 1860 1590 Graecos
1871 1553 2020 1590 Latinis

1063 1606 1271 1643 conciliare
1300 1608 1484 1652 conetur;
1515 1606 1646 1654 arguit
1674 1617 1770 1642 vero
1799 1617 1887 1642 eum
1917 1607 2019 1653 quod

1067 1670 1204 1695 nomen
1222 1659 1469 1706 patriarchae
1491 1658 1732 1695 oecumenici
1753 1660 1793 1695 et
1812 1659 2022 1696 auctorita-

1065 1712 1146 1746 tem
1167 1711 1206 1747 in
1226 1711 1469 1759 patriarchas
1489 1711 1697 1748 orientales
1722 1721 1910 1759 usurpare
1930 1713 2021 1748 ten-

1065 1763 1174 1808 tarit,
1199 1768 1239 1800 et
1267 1764 1473 1800 ecclesiam
1494 1764 1727 1809 Romanam,
1747 1775 1846 1810 quae
1866 1763 1904 1799 in
1926 1775 2021 1812 azy-

1066 1827 1129 1852 mo
1158 1827 1256 1863 pane
1286 1816 1575 1853 Eucharistiam
1604 1815 1779 1861 conficit,
1802 1816 2021 1853 damnave-

1066 1868 1129 1905 rit.
1160 1867 1362 1905 Pontificis
1396 1869 1517 1916 legati
1551 1867 1663 1905 initio
1683 1868 1773 1904 anni
1801 1867 1900 1905 1054
1920 1868 2021 1905 Con-

1067 1920 1357 1968 stantinopolim
1378 1923 1642 1969 pervenerunt
1658 1922 1697 1957 et
1716 1921 1764 1957 ab
1780 1919 2018 1967 imperatore

1067 1973 1280 2010 honorifice
1302 1973 1456 2022 excepti
1478 1975 1580 2011 sunt.
1598 1972 1814 2010 Cardinalis
1831 1972 2022 2010 Humber-

1066 2027 1131 2063 tus
1160 2026 1389 2073 imperatori
1419 2026 1559 2063 obtulit
1585 2026 1767 2074 scriptam
1789 2026 2019 2073 opprobrio-

1067 2089 1152 2114 rum
1191 2078 1377 2115 Cerularii
1411 2082 1547 2115 contra
1589 2078 1804 2116 Ecclesiam
1839 2078 2023 2120 Latinam

1066 2130 1342 2168 refutationem
1364 2131 1402 2168 in
1425 2131 1550 2168 forma
1570 2130 1736 2179 dialogi,
1758 2143 1873 2179 quam
1893 2131 2020 2187 impe-

1067 2186 1177 2220 rator
1209 2184 1247 2220 in
1279 2195 1466 2232 graecum
1501 2183 1600 2220 verti
1631 2185 1669 2220 et
1689 2184 2021 2232 Constantinopoli

1066 2236 1220 2284 vulgari
1250 2236 1374 2273 iussit.
1392 2236 1502 2278 Idem
1533 2236 1775 2273 Humbertus
1801 2236 2021 2273 confutavit

1065 2288 1209 2325 librum
1242 2288 1407 2332 Nicetae
1445 2289 1626 2325 monachi
1663 2289 1842 2326 Studitae
1881 2291 2017 2326 contra

1065 2340 1225 2378 Latinos
1245 2341 1292 2378 de
1314 2341 1461 2390 azymis
1475 2370 1484 2388 ,
1505 2342 1551 2378 de
1572 2341 1715 2378 ieiunio
1736 2342 1887 2378 sabbati
1909 2344 1947 2378 et
1967 2341 2014 2377 de

1066 2394 1256 2430 coelibatu
1277 2393 1523 2441 clericorum,
1540 2396 1580 2431 et
1599 2393 1779 2431 Nicetam
1795 2394 1843 2431 ad
1863 2394 2017 2431 combu-

1107 2498 1117 2519 1
1136 2499 1291 2530 Baron.ad
1308 2497 1537 2529 211.1053.—De
1552 2507 1608 2528 usu
1621 2498 1708 2537 panis
1726 2497 1824 2537 azymi
1841 2501 1870 2528 et
1884 2495 2018 2528 fermen-

1066 2541 1120 2571 tati
1144 2541 1173 2571 in
1197 2540 1390 2571 conficienda
1413 2540 1462 2569 SS.
1487 2540 1690 2575 Eucharistia‚
1715 2539 1747 2568 cf
1766 2539 1921 2575 Mabillon,
1939 2539 2013 2569 Dis-

1065 2582 1196 2612 sertatio
1213 2580 1251 2611 de
1264 2589 1349 2620 pane
1362 2579 1627 2617 ΕηνὶεΙιανίείίσος
1642 2581 1670 2609 F.
1681 2579 1818 2616 Macedo,
1831 2579 2016 2619 Disquisitio

1067 2622 1163 2653 theol.
1187 2621 1224 2652 cle
1247 2622 1316 2652 ritu
1339 2620 1449 2660 azymi
1471 2624 1500 2651 et
1520 2620 1721 2660 fermentati;
1739 2621 1771 2650 A.
1788 2620 1926 2658 sanctini,
1943 2620 2014 2651 Dis-

1064 2663 1190 2703 putatio
1208 2663 1234 2692 X
1249 2667 1279 2693 et
1294 2663 1343 2693 XI.
1976 2694 1984 2703 ‚

1106 2703 1120 2723 2
1137 2704 1223 2743 Apud
1249 2703 1362 2739 Lahbe,
1388 2701 1507 2733 Concil.
1532 2705 1550 2732 t.
1575 2702 1625 2738 lx,
1650 2710 1678 2740 p.
1697 2700 1766 2738 949,
1783 2701 2017 2733 ctHarduinum

1066 2747 1086 2773 t.
1097 2745 1148 2782 ¹VI,
1164 2743 1277 2783 p.927.
1291 2762 1330 2766 —
1345 2743 1420 2773 lllud
1434 2744 1532 2772 obiter
1547 2742 1784 2780 observandum,
1801 2742 1884 2781 quod
1899 2743 1959 2774 Leo
1976 2744 2014 2774 lx

1065 2786 1159 2815 habet
1176 2785 1205 2815 in
1224 2784 1359 2825 Epistola
1379 2785 1471 2813 citata
1489 2784 1527 2812 ad
1545 2783 1733 2813 Cerularium
1757 2785 1795 2818 (c.
1813 2782 1880 2821 23),
1897 2785 1948 2814 ubi
1963 2785 2023 2815 Ec-

1067 2826 1180 2856 clesiae
1194 2827 1296 2865 Cpnae
1311 2824 1475 2863 exprobrat
1493 2824 1646 2853 levitatem
1670 2824 1699 2853 in
1716 2824 1898 2854 ordinandis
1923 2834 2021 2856 eunu-

1067 2867 1132 2896 chis
1157 2868 1221 2897 eius
1241 2866 1414 2905 Episcopis‚
1432 2865 1517 2894 aiens
1541 2864 1608 2894 loco
1626 2865 1714 2894 unius
1731 2873 1767 2894 ex
1784 2865 1828 2894 eis
1845 2866 2020 2896 ordinatam

1067 2907 1164 2937 fuisse
1181 2907 1324 2937 feminam
1339 2906 1420 2941 serra
1435 2904 1515 2943 quod
1534 2913 1609 2934 sane
1618 2905 1676 2934 Leo
1686 2905 1843 2935 Cerulario
1857 2907 2018 2946 haudqua-

1067 2957 1158 2986 quam
1177 2950 1421 2986 exprobraturus
1440 2946 1564 2980 fuisset,
1577 2945 1602 2975 si
1619 2945 1726 2976 sabula
1740 2946 1777 2976 de
1787 2947 2019 2985 IoannaPapis-

1067 2997 1101 3018 sa
1119 2988 1244 3027 vulgata
1260 2988 1379 3023 fuisset,
1396 2994 1487 3024 quam
1504 2994 1522 3015 a
1537 2985 1694 3016 Cerulario
1708 2987 1736 3017 in
1755 2988 1884 3017 Leonem
1908 2989 2018 3026 ipsum,

1068 3028 1208 3068 adeoque
1231 3029 1259 3058 in
1286 3029 1455 3057 Romanam
1480 3027 1648 3056 Ecclesiam
1679 3027 1767 3058 facile
1798 3029 1902 3066 regeri
1925 3036 2020 3067 posse

1067 3070 1305 3107 praesensisset.
1321 3067 1590 3098 vi11.Mabi110nius
1606 3067 1636 3097 in
1653 3068 1783 3106 praefat.
1803 3067 1838 3099 in
1852 3069 2019 3101 saeculum

1067 3109 1315 3141 Benettictinum
1336 3107 1383 3145 VI,
1399 3110 1476 3146 part.
1495 3107 1524 3144 2,
1540 3106 1555 3147 ἓ
1573 3107 1600 3145 1,
1617 3117 1647 3140 n.
1659 3107 1688 3140 6.

1095 3150 1109 3172 ³
1125 3150 1237 3191 Lahbe,
1254 3149 1313 3181 loc.
1327 3149 1380 3181 cit.
1397 3157 1428 3188 p.
1444 3147 1596 3179 977-981.
