2241 3473
597 145 724 176 VSQVE
752 146 805 173 AD
834 145 1130 173 PONTIFICATVM
1158 145 1188 173 S.
1210 145 1406 174 GREGORII
1435 145 1508 172 vu.

79 214 152 251 ret..
173 211 246 250 flio
263 221 359 248 vero
383 210 660 260 imperatorem
681 210 906 257 accusavit,
926 211 1028 259 quod

69 276 194 304 «suum
222 263 491 301 iusiurandum
516 264 760 311 infringeret.
782 264 874 301 Otto
894 264 1029 301 confe-

77 317 168 355 stim
189 317 356 354 Romam
384 317 626 364 properavit,
645 329 666 353 e
687 328 764 364 qua
786 315 969 353 Pontifex
990 320 1028 353 et

75 368 309 407 Adelbertus
330 368 524 417 fugerunt.
549 369 763 417 Imperator
782 380 842 404 an.
864 369 1028 405 003111·-

77 422 161 459 bem
188 421 410 468 ingressus,
440 432 572 459 omnes
596 421 702 458 urbis
721 420 873 457 ordines
894 421 1025 458 iurare

75 473 224 521 coegit,
254 485 295 510 se
325 474 472 510 nullum
505 474 573 511 nisi
603 485 651 510 ex
671 472 754 509 eius
783 475 820 508 et
850 472 919 508 filii
945 473 1028 510 eius

75 525 311 563 auctoritate
338 526 557 574 poniificem
587 526 778 562 electuros
796 553 805 568 ,
831 524 970 561 deinde
990 526 1026 561 in

72 589 192 615 causa
207 578 362 615 Ioannis
378 578 453 614 XII
475 578 666 625 synodum
688 577 838 614 indixit.

127 630 211 667 Leo
235 630 338 666 Vlll
349 632 554 678 antipapa
573 630 659 676 (an.
671 629 765 677 963)
779 650 827 655 —
841 629 947 666 Haec
967 641 1028 677 sy-

74 683 197 719 nodus
227 688 312 731 post
332 683 502 719 triduum
525 682 656 718 habita
677 686 735 718 est
755 681 792 717 in
814 680 976 719 basilica
996 693 1024 718 3.

76 735 196 772 Petri.
226 734 451 772 Adfuerunt
480 734 637 770 circiter
667 733 717 770 40
737 733 920 782 episcopi,
943 745 1027 781 par-

73 787 142 824 tim
161 788 348 823 Germani
371 786 513 834 partim
531 785 633 830 Itali,
655 786 827 822 nonnulli
842 787 1024 823 cardina-

72 839 131 876 les
150 839 367 887 presbyteri
396 844 436 875 et
468 838 619 874 diaconi
651 838 793 885 aliique
824 839 952 875 clerici
976 840 1023 875 R.

74 891 281 928 Ecclesiae.
301 891 507 927 Seditcum
520 891 574 927 eis
588 891 813 938 imperator.
832 892 1024 932 Quoniam

72 944 110 980 in
132 955 179 981 ea
195 944 353 980 Ioannes
373 943 450 979 XII
472 943 640 990 pluriffln
657 942 866 980 criminum
883 944 1025 981 fuisset

69 999 224 1033 accusat
231 998 401 1039 us,extra
413 1006 531 1042 quam
545 995 730 1039 haeresis,
742 996 953 1043 imperator
966 997 1022 1033 lit—

74 1053 177 1085 teras
194 1047 346 1096 scripsit
364 1048 412 1084 ad
435 1047 679 1093 Pontificem,
698 1052 741 1084 ut
761 1049 809 1084 ad
831 1049 1021 1096 synodum

71 1101 225 1137 veniret
243 1111 284 1137 se
314 1108 564 1148 purgaturus,
586 1100 750 1137 Ioannes
766 1101 843 1137 XII
861 1113 929 1149 pro
946 1113 1023 1139 res·

71 1164 188 1201 ponso
202 1153 306 1190 misit
321 1152 496 1189 libellum
517 1154 933 1191 excommunicationis
951 1183 960 1198 ,
990 1154 1020 1190 si

69 1205 190 1242 alium
228 1204 448 1253 pontificem
476 1205 514 1241 in
552 1206 635 1242 eius
672 1205 799 1242 locum
819 1206 1019 1254 eligerent.

68 1258 179 1294 Tunc
200 1258 413 1304 imperator
438 1258 575 1305 synodi
596 1258 828 1295 seutentiam
850 1259 1021 1306 postula—

69 1310 146 1356 vit,
168 1321 266 1358 quae
286 1310 496 1357 respondit,
516 1310 700 1346 Ioannem
719 1322 739 1347 e
764 1311 872 1347 Petri
894 1312 1020 1348 cathe-

67 1362 138 1399 dra
165 1374 248 1399 esse
270 1361 503 1410 pellendum,
519 1363 719 1410 aliumque
743 1363 782 1399 in
805 1374 851 1400 ea
871 1365 1018 1401 consti-

67 1416 267 1451 tuendum.
290 1414 440 1462 Synodi
468 1414 673 1452 consilium
692 1416 870 1462 probavit
891 1416 1017 1465 impe-

64 1469 181 1504 rator.
203 1467 450 1515 Quapropter
469 1468 632 1504 Ioannes
667 1468 863 1516 depositus
878 1498 886 1514 ‚
918 1473 956 1507 et
976 1470 1015 1506 in
1037 1497 1039 1506 .

65 1519 147 1556 eius
179 1520 307 1556 locum
329 1521 530 1557 ordinatus
551 1523 611 1557 est
630 1520 709 1556 Leo
738 1521 845 1566 VIII,
884 1524 1017 1569 proto—-

64 1571 496 1618 scriniarius¹,nondum
511 1573 550 1609 in
563 1572 791 1609 clericorum
810 1586 1015 1612 numerum

66 1624 214 1662 relatus
229 1621 255 1662 ².

115 1676 254 1714 Omnia
278 1688 392 1721 vero,
413 1689 513 1725 quae
541 1679 590 1715 ab
618 1678 692 1715 hac
711 1679 858 1726 synodo
880 1682 1015 1718 contra

62 1729 247 1767 Ioannem
268 1729 338 1778 Pp.
359 1730 435 1767 XII
456 1733 609 1768 tentata
630 1731 809 1776 fuerunt,
830 1743 914 1769 esse
930 1733 1014 1769 irri-
1032 1775 1034 1778 ¹

61 1784 123 1826 ta,
152 1781 403 1820 manifestum
433 1786 502 1820 est.
533 1795 555 1820 ‹<
585 1784 714 1820 Unum
735 1784 817 1820 loco
838 1781 1034 1822 omnium'

62 1834 203 1883 (inquit
211 1834 578 1881 Baronius,erudite
593 1837 639 1873 de
656 1836 728 1873 hac
740 1848 780 1873 re
794 1837 1011 1888 disputans)

61 1887 133 1924 hoc
148 1887 243 1924 satis
255 1887 410 1934 habeto,
423 1901 635 1936 numquam
654 1901 713 1926 me
729 1890 869 1938 legisse
887 1891 1012 1928 ortho-

61 1939 247 1977 doxorum
269 1943 506 1978 conventum
521 1942 763 1989 synodalem,
779 1943 817 1978 in
835 1954 909 1990 quo
927 1955 1010 1980 ma-
1030 1949 1037 1980 ἓν

61 1993 120 2041 gis
149 1993 456 2030 ecclesiasticum
485 1995 545 2031 1113
582 1995 633 2031 311
653 1995 865 2041 offensum,
888 1996 1009 2044 magis
1029 2011 1031 2046 ξ

60 2056 226 2082 canones
251 2045 397 2092 violati,
418 2047 629 2084 vulnerata
651 2047 821 2093 traditio,
847 2049 1007 2085 concul-
1028 2050 1031 2059 ¹

59 2102 168 2142 cata,
198 2109 381 2146 oppressa
412 2102 529 2146 atque
551 2099 689 2136 maiori
710 2100 898 2137 dedecore
921 2112 1008 2149 pro-

58 2152 183 2187 strata
200 2149 375 2187 Iustitia3
394 2163 430 2188 >>.
449 2152 531 2189 Hoc
554 2153 677 2200 ipsum
696 2153 844 2190 evincit
865 2154 1005 2202 agendi

59 2202 172 2243 ratio.
185 2214 260 2250 qua
276 2203 367 2239 olim
385 2205 441 2241 usi
457 2210 548 2242 sunt
560 2204 728 2253 episcopi
746 2208 832 2242 tum
848 2205 885 2242 in
899 2207 1010 2254 Sym-

60 2254 187 2292 machi
204 2256 272 2303 Pp.
288 2258 374 2292 tum
391 2257 428 2293 in
446 2258 585 2294 Leonis
602 2258 657 2294 III
673 2270 802 2303 causa,
819 2262 1008 2296 contesta-

58 2308 110 2352 ti,
132 2307 204 2344 sibi
223 2308 281 2344 fas
311 2319 387 2345 non
408 2321 514 2355 esse,
536 2310 739 2348 Pontificis
760 2323 917 2348 cansam
940 2324 1008 2347 co-

58 2370 243 2408 gnoscere
263 2364 331 2397 aut
346 2361 392 2397 de
410 2374 454 2399 eo
470 2363 658 2400 iudicium
678 2364 883 2400 instituere
895 2364 920 2399 ⁴.
938 2365 1010 2401 Ta·
1028 2376 1030 2385 ’

58 2411 104 2448 113
135 2411 254 2448 etiam
283 2416 368 2450 erat
394 2416 587 2453 sententia
615 2417 905 2462 Romanorum,
925 2418 1006 2464 qui,

57 2463 173 2500 simul
192 2475 238 2500 ac
256 2464 466 2512 imperator
486 2468 732 2513 discesserat,
748 2469 892 2505 reiecto
913 2470 1009 2506 Leo-

59 2527 107 2552 ne
128 2515 236 2560 VIII,
253 2516 437 2555 Ioannem
454 2520 530 2556 XII
548 2521 585 2556 in
597 2521 742 2557 Urbem
758 2526 1005 2559 revocarunt.
1028 2555 1029 2563 ,

110 2568 271 2605 Ioannes
284 2568 352 2617 Pp.
365 2571 527 2609 Romam
545 2573 730 2619 redux,v⁰
743 2573 1007 2612 calendinart.
1028 2612 1029 2623 ,

101 2683 314 2756 [1011ρέ01111.
340 2686 430 2717 Hist.
450 2686 469 2717 l.
494 2687 546 2725 Vl,
570 2697 598 2718 c.
623 2688 640 2718 6
665 2697 734 2728 sq.;
758 2688 883 2727 Labbe,
909 2692 928 2720 t.
956 2691 1010 2729 lx,

57 2735 85 2765 p.
96 2726 170 2797 ἑ2ἱὸὲί
183 2728 263 2797 (i'ssec
280 2767 441 2804 Barcinus,
458 2768 495 2813 ad
509 2777 556 2798 an.
567 2768 637 2807 963,
653 2768 667 2809 Ξ
682 2768 730 2807 30,
750 2771 872 2802 scribit:
888 2782 904 2799 «
919 2772 1010 2802 Addit

58 2807 239 2853 Sigebertus
252 2831 261 2844 ,
280 2809 409 2837 Leonem
428 2809 540 2839 laicum
557 2811 658 2841 adhuc
676 2811 779 2847 fuisse,
797 2820 871 2842 cum
888 2813 1005 2843 electus
1026 2798 1028 2827 ᾗ

56 2852 103 2878 esi
118 2848 265 2886 Pontis-ex,
282 2853 390 2879 contra
407 2848 530 2880 decreta
546 2851 659 2881 Nicolai
675 2875 682 2888 ,
705 2852 867 2889 Hadriani,
893 2856 922 2883 et
939 2855 1007 2884 Ste-
1026 2874 1027 2877 =

55 2889 440 2961 ⁹¹¹2¹23555512¹532525³13252
1025 2886 1027 2966 ζ

95 2970 109 2992 ⁴
129 2970 190 3000 vid
203 2955 302 3009 p.'143
315 2950 430 3001 ι01911,
443 2954 539 3007 Quum
555 2971 577 3002 l.
590 2973 620 3002 C.
636 2973 745 3010 NeHcr,
759 2975 788 3003 in
804 2975 1006 3006 Universnate

56 3011 229 3041 Trevirensi
245 3011 322 3042 iuris
339 3011 414 3042 cccl.
428 3011 516 3049 pros„
531 3022 579 3042 an.
603 3012 678 3043 1766
702 3015 870 3045 Romanam
887 3016 1007 3048 01101113
1024 3042 1026 3050 1

56 3051 206 3089 synodum
222 3053 446 3083 defendendam
464 3054 671 3091 suscepisset,
687 3056 814 3094 egregie
831 3057 1005 3088 confutatus
1024 3091 1025 3095 ,

57 3091 111 3121 ruit
125 3100 144 3121 a
160 3092 248 3123 kM.
263 3094 431 3130 Bender‚S.
442 3095 474 3130 1.,
487 3095 514 3124 in
529 3094 636 3125 eadem
650 3095 853 3126 Universitaie
865 3106 890 3127 s.
901 3099 1004 3128 Theoi.
1024 3104 1025 3107 ’

60 3132 136 3170 pros.
155 3132 193 3163 cf
206 3133 384 3169 Mat-chetti.
403 3134 579 3167 Continent.
589 3135 659 3166 crit.
675 3135 711 3166 ιἰι
726 3135 806 3167 Hisl.
823 3137 897 3168 eccl.
913 3138 1005 3169 Fleu-

59 3180 108 3210 ry,
123 3183 152 3204 a.
170 3174 204 3213 11,
219 3183 245 3205 c.
265 3174 292 3211 3,
307 3184 336 3206 n.
351 3174 399 3205 99,
1023 3177 1026 3210 i

1891 134 1970 172 259

1069 211 1146 248 964
1166 211 1355 260 synodum
1377 209 1580 256 habuit‚in
1595 222 1672 260 qua
1686 208 1936 248 conciliabuli
1956 209 2023 247 Ot-

1071 263 1171 300 tonis
1191 267 1279 301 acta
1299 265 1497 310 damnata,
1516 263 1596 300 Leo
1615 263 1732 308 VIII,
1752 262 1817 310 qui
1845 273 1893 299 ex
1916 261 2023 298 Urbe

1071 316 1241 364 fugerat,
1262 316 1490 363 illegitimus
1513 314 1685 364 pontifex
1705 315 1939 359 declaratus,
1959 313 2022 350 Si-

1070 380 1126 413 00,
1142 369 1342 417 episcopus
1357 369 1558 414 Ostiensis,
1573 368 1640 416 qui
1655 379 1745 405 eum
1760 377 2024 405 consecrave-

1071 425 1143 466 rat,
1164 421 1378 469 depositus,
1400 423 1440 458 et
1459 420 1485 457 ii
1507 420 1572 468 qui
1593 421 1641 458 ab
1661 421 1846 469 antipapa
1864 418 2022 456 fuerant

1070 473 1238 510 ordinati
1269 476 1337 509 aut
1367 484 1535 510 munera
1564 472 1828 510 ecclesiastica
1856 482 2022 519 accepe-

1071 528 1178 569 rant,
1198 525 1385 572 gradibus
1414 524 1492 562 suis
1524 525 1662 562 deiecti
1697 527 1787 562 sunt
1808 523 1832 562 ¹.
1862 523 2022 572 Synodo

1070 576 1229 614 vixdum
1251 577 1448 613 celebrata
1463 577 1628 614 Ioannes
1650 577 1772 625 pridie
1795 587 1914 614 nonas
1931 587 2021 613 ma-

1069 628 1125 666 ias
1146 630 1226 676 (an.
1243 628 1338 677 964)
1358 629 1538 674 moritur,
1559 641 1662 666 anno
1682 629 1939 667 Pontificatus
1958 628 2019 666 sui

1067 681 1233 728 septimo
1247 710 1256 726 ,
1277 691 1409 717 mense
1439 681 1561 717 ferme
1600 693 1711 719 nono.
1733 682 2019 719 Verumtamen

1067 733 1236 769 schisma
1257 733 1428 770 nondum
1449 732 1606 770 finitum
1627 737 1696 770 est.

1119 785 1180 823 96.
1204 785 1452 822 Benedictus
1478 785 1722 834 VPonte's'eoe
1743 785 1837 834 (em.
1855 785 1956 835 964)
1970 806 2018 814 —-

1068 837 1161 874 Post
1181 837 1337 874 Ioannis
1360 838 1428 885 Pp.
1450 837 1528 874 XII
1549 837 1696 874 obitum
1727 839 1915 885 Romani,
1934 839 2019 876 cle-

1065 901 1131 927 rus
1153 893 1193 927 et
1209 900 1402 938 proceres,
1425 889 1593 927 Leonem
1616 892 1659 927 ut
1679 890 1926 938 illegitimum
1948 903 2019 940 pa-

1065 954 1169 990 pam,
1185 947 1224 979 01
1240 943 1505 979 iuramentum
1523 972 1532 988 ,
1559 943 1690 979 Ottoni
1715 943 1944 990 praestitum
1971 944 2020 981 de

1065 1006 1140 1031 non
1162 995 1338 1043 eligendo
1350 995 1544 1031 Pontifice
1560 995 1643 1031 sine
1661 995 1908 1042 imperatoris
1924 997 2021 1034 eius·

1065 1059 1138 1094 que
1159 1047 1227 1083 filii
1248 1059 1449 1093 consensu,
1472 1050 1660 1095 tanquam
1678 1047 1867 1084 iniustum
1883 1050 1924 1085 et
1938 1050 2020 1088 31110

1064 1099 1247 1137 libertate
1278 1099 1425 1136 factum
1459 1100 1670 1144 habentes,
1699 1099 1804 1136 circa
1837 1100 1938 1137 diem
1971 1102 2020 1141 15
2056 1102 2065 1107 '

1064 1152 1207 1189 mensis
1248 1152 1340 1189 maii
1376 1153 1416 1189 in
1448 1152 1579 1189 locum
1613 1152 1787 1189 defuncti
1816 1152 2020 1201 elegerunt

1063 1205 1369 1252 ordinaruntque
1391 1205 1650 1242 Benedictum
1679 1205 1728 1249 V,
1760 1210 2019 1253 cognomento

1067 1257 1422 1302 Grammatz'cum,
1443 1259 1647 1295 Romanae
1668 1257 1865 1294 Ecclesiae
1885 1258 2018 1296 diaco-

1064 1322 1168 1347 num.
1191 1310 1409 1358 Imperator
1430 1311 1574 1355 iratus,
1593 1309 1632 1346 id
1654 1309 1736 1346 sine
1757 1321 1825 1346 suo
1846 1322 2012 1348 consen-

1062 1374 1106 1399 su
1135 1374 1218 1399 esse
1256 1365 1480 1411 peractum,
1518 1374 1607 1399 cum
1638 1363 1815 1400 exercitu
1845 1363 2016 1402 Romam

1061 1416 1252 1462 perrexit,
1273 1418 1312 1452 et
1328 1416 1526 1452 Romanos
1554 1415 1602 1451 ad
1632 1414 1868 1452 deditionem
1901 1418 1941 1453 et
1969 1417 2018 1454 ad

1059 1467 1348 1516 suscipiendum
1385 1468 1609 1516 antipapam
1639 1467 1776 1516 coegit.
1808 1468 1887 1505 Leo
1918 1469 2016 1507 VIII

1059 1531 1150 1556 mox
1171 1520 1471 1557 conciliabulum
1491 1520 1641 1565 tenuit,
1660 1519 1700 1556 in
1720 1532 1796 1569 quo
1818 1521 2014 1559 Benedic-

1058 1575 1141 1609 tum
1178 1574 1246 1621 Pp.
1283 1573 1459 1621 deposuit
1487 1572 1726 1621 tradiditque
1759 1572 1986 1621 imperatori
2005 1603 2015 1621 ,

1057 1625 1123 1673 qui
1154 1637 1242 1662 eum
1278 1625 1316 1662 in
1346 1625 1599 1662 Germaniam
1637 1625 1876 1671 abductum,
1906 1638 2016 1664 com-

1058 1678 1258 1715 mendavit
1287 1678 1486 1715 custodiae
1510 1677 1706 1726 Adaldagi
1735 1677 2015 1728 archiepiscopi

1055 1731 1422 1779 Hamburgenis.—-
1439 1730 1522 1767 Illic
1550 1742 1692 1778 magno
1722 1730 1761 1766 in
1791 1731 1937 1768 honore
1966 1733 2014 1770 ab

1053 1783 1342 1831 archiepiscopo
1358 1784 1533 1829 habitus,
1545 1780 1785 1821 Benedictus
1802 1784 1945 1822 mansit
1964 1785 2013 1822 ad

1053 1840 1220 1873 mortem
1251 1847 1382 1884 usque.
1412 1836 1469 1872 Ibi
1504 1847 1676 1884 (1110(1110,
1695 1835 1893 1874 referente
1921 1837 2011 1874 Dit-

1052 1900 1161 1925 maro
1177 1888 1205 1934 ²,
1221 1900 1261 1925 se
1291 1888 1524 1925 moriturum
1557 1888 1837 1936 praedixerat,
1868 1890 2014 1927 addens

1053 1952 1203 1978 omnem
1225 1941 1334 1977 illam
1355 1942 1553 1989 regionem
1570 1942 1720 1988 gentili
1733 1942 1878 1988 yladz‘o
1898 1942 2012 1979 deso-

1052 1994 1222 2039 landam,
1235 1993 1404 2041 ferisque
1420 1994 1732 2039 inhabitandam,
1749 2005 1820 2030 nee
1835 1997 1926 2031 ante
1947 2007 2013 2043 pa-

1052 2058 1094 2083 ce
1123 2047 1237 2083 firma
1267 2058 1448 2092 usuram,
1469 2057 1589 2095 quam
1619 2058 1758 2094 corpus
1788 2058 1903 2083 suum
1923 2048 2008 2085 Ro-

1051 2111 1154 2136 mam
1167 2098 1462 2144 transferretur,
1482 2099 1585 2147 quod
1597 2099 1728 2136 exitus
1745 2098 1859 2147 plane
1875 2100 2010 2137 confir-

1050 2151 1186 2189 mavit.
1200 2173 1252 2179 —
1265 2152 1394 2192 Quum
1423 2152 1610 2199 antipapa
1629 2163 1763 2189 mense
1785 2152 1926 2189 martio
1946 2153 2010 2190 vel

1050 2204 1165 2252 aprili
1195 2216 1256 2241 an.
1278 2204 1372 2248 965,
1398 2204 1635 2242 Pontificatu
1666 2205 1722 2241 bis
1751 2207 1956 2252 usurpato,
1987 2217 2008 2242 e

1050 2257 1152 2293 vivis
1172 2256 1393 2294 discessiset
1409 2255 1437 2302 3,
1458 2257 1625 2294 Romani
1646 2257 1797 2305 legatos
1817 2258 2010 2294 miserunt

1051 2309 1098 2346 ad
1119 2309 1300 2347 Ottonem
1319 2338 1328 2354 ,
1349 2311 1541 2356 quatenus
1570 2310 1824 2347 Benedictum
1844 2310 1913 2357 Pp.
1936 2322 2002 2346 re-

1049 2363 1242 2399 stItueret.
1274 2362 1491 2410 Imperator
1519 2365 1603 2399 tum
1634 2362 1847 2410 praeclaris
1874 2362 2006 2398 Bene-

1050 2415 1142 2451 dicti
1158 2415 1194 2452 V
1218 2415 1425 2452 virtutibus
1440 2444 1450 2461 ,
1469 2417 1553 2452 tum
1582 2416 1849 2452 Romanorum
1878 2413 2006 2462 preci-

1050 2468 1119 2504 bus
1141 2467 1280 2512 flexus,
1301 2467 1339 2503 id
1362 2466 1541 2513 fecisset,
1558 2467 1630 2505 nisi
1651 2467 1836 2503 Pontifex
1865 2467 2000 2503 eodem

1050 2531 1149 2557 anno
1170 2520 1233 2556 111⁰
1256 2531 1375 2556 nonas
1396 2520 1479 2556 iulii
1499 2520 1658 2557 obiisset
1674 2518 1700 2556 ⁴.

1103 2573 1166 2609 97.
1189 2573 1369 2609 Ioannes
1389 2572 1499 2609 XIII
1514 2573 1712 2620 Pontifex
1735 2571 1830 2621 (cm.
1851 2568 2004 2620 965)—

1050 2625 1261 2662 Benedicto
1284 2624 1355 2673 Pp.
1378 2624 1414 2662 V
1435 2624 1620 2661 defuncto
1649 2625 1861 2672 imperator
1894 2624 2003 2671 lega-

1028 2681 1029 2688 *
1049 2680 1109 2715 tos
1126 2679 1394 2715 Romanorum
1411 2689 1499 2714 cum
1511 2677 1652 2725 Otgero
1663 2676 1836 2724 Spirensi
1848 2676 2007 2713 01111111-

1091 2815 1098 2835 ¹
1121 2814 1232 2851 haime,
1253 2812 1371 2845 Concil.
1390 2814 1410 2841 t.
1427 2811 1474 2847 lx,
1492 2820 1519 2849 p.
1541 2810 1608 2841 653.

1090 2855 1103 2876 ‘2
1123 2855 1271 2886 Chronic.
1287 2855 1304 2884 Ι.
1323 2854 1368 2884 lv.

1089 2898 1103 2917 3
1119 2897 1228 2926 Extant
1241 2896 1297 2925 snb
1313 2895 1433 2923 nomine
1449 2892 1558 2922 Leonis
1580 2892 1642 2922 VIII
1661 2892 1741 2922 duae
1753 2892 2004 2930 constitutiones,

1047 2937 1161 2976 quibus
1179 2936 1280 2967 0110111
1304 2938 1441 2973 poteslas
1468 2933 1600 2971 eligendi
1624 2933 1779 2963 pontificis
1796 2933 2003 2963 1111ον031110-

1047 2986 1099 3007 rae
1132 2978 1351 3015 cpiscoporum
1377 2974 1592 3004 conceduntur
1608 2998 1615 3011 ,
1640 2977 1674 3003 et
1700 2975 1802 3004 omnia
1826 2973 2006 3011 redduntur,

1047 3027 1126 3057 qnae
1144 3027 1161 3047 a
1194 3018 1302 3055 Pipino
1316 3020 1343 3045 el
1358 3014 1468 3045 Carolo
1484 3014 1526 3044 M.
1545 3015 1577 3044 R.
1595 3013 1753 3045 Ecclesiae
1766 3015 1888 3044 fuerant
1904 3014 2002 3044 dona-

1048 3063 1086 3088 ta.
1111 3058 1169 3087 Sed
1195 3061 1411 3096 praeterquam
1435 3056 1516 3095 quod
1547 3056 1604 3086 Leo
1622 3055 1688 3086 VIII
1706 3064 1765 3085 non
1793 3054 2003 3094 sueritlegiti-

1047 3109 1114 3129 mus
1150 3098 1298 3134 Pontifex,
1320 3098 1397 3126 isias
1423 3096 1658 3127 constitutiones
1673 3104 1743 3126 esse
1759 3096 1983 3126 commentitias
1997 3118 2005 3131 ,

1047 3140 1214 3170 ostendunt
1230 3138 1380 3169 Bai-onius
1396 3143 1425 3167 et
1441 3138 1527 3177 Pagi,
1540 3137 1579 3167 ad
1596 3146 1643 3167 an.
1661 3135 1818 3168 961-965.

1074 3181 1087 3203 4
1107 3179 1275 3219 Reginonis
1292 3178 1501 3215 Continuator,
1517 3178 1538 3210 l.
1556 3177 1598 3215 11,
1616 3179 1726 3208 Baron.
1740 3181 1769 3207 et
1785 3177 1870 3216 Pagi,
1888 3176 1910 3207 1.
1929 3185 1954 3207 c.

1736 3228 1757 3248 2*
