<?xml version="1.0" encoding="UTF-8"?>
<!DOCTYPE html PUBLIC "-//W3C//DTD XHTML 1.0 Transitional//EN"
    "http://www.w3.org/TR/xhtml1/DTD/xhtml1-transitional.dtd">
<html xmlns="http://www.w3.org/1999/xhtml" xml:lang="en" lang="en">
 <head>
  <title>
</title>
<meta http-equiv="Content-Type" content="text/html;charset=utf-8" />
  <meta name='ocr-system' content='tesseract 3.04.00' />
  <meta name='ocr-capabilities' content='ocr_page ocr_carea ocr_par ocr_line ocrx_word'/>
</head>
<body>
  <div class='ocr_page' id='page_1' title='image "./historiaeecclesi01wout_0123.png"; bbox 0 0 2241 3473; ppageno 0'>
   <div class='ocr_carea' id='block_1_1' title="bbox 621 171 1514 203">
    <p class='ocr_par' dir='ltr' id='par_1_1' title="bbox 621 171 1514 203">
     <span class='ocr_line' id='line_1_1' title="bbox 621 171 1514 203; baseline 0.002 -5"><span class='ocrx_word' id='word_1_1' title='bbox 621 172 745 203; x_wconf 83' lang='lat' dir='ltr'><strong>VSQUE</strong></span> <span class='ocrx_word' id='word_1_2' title='bbox 765 173 817 200; x_wconf 79' lang='lat' dir='ltr'>AD</span> <span class='ocrx_word' id='word_1_3' title='bbox 836 171 1033 200; x_wconf 72' lang='lat' dir='ltr'>Exclmvm</span> <span class='ocrx_word' id='word_1_4' title='bbox 1055 172 1211 199; x_wconf 82' lang='lat' dir='ltr'>IMPERII</span> <span class='ocrx_word' id='word_1_5' title='bbox 1233 172 1514 200; x_wconf 77' lang='lat' dir='ltr'>OCCIDENTALIS</span> 
     </span>
    </p>
   </div>
   <div class='ocr_carea' id='block_1_2' title="bbox 103 235 1067 3100">
    <p class='ocr_par' dir='ltr' id='par_1_2' title="bbox 123 235 1067 331">
     <span class='ocr_line' id='line_1_2' title="bbox 127 235 1067 278; baseline -0.004 -1"><span class='ocrx_word' id='word_1_6' title='bbox 127 240 166 278; x_wconf 87' lang='lat' dir='ltr'>in</span> <span class='ocrx_word' id='word_1_7' title='bbox 181 236 340 275; x_wconf 84' lang='lat' dir='ltr'>desertis</span> <span class='ocrx_word' id='word_1_8' title='bbox 369 236 616 274; x_wconf 80' lang='lat' dir='ltr'>Palaestinae</span> <span class='ocrx_word' id='word_1_9' title='bbox 645 236 883 274; x_wconf 86' lang='lat' dir='ltr'>monasteria</span> <span class='ocrx_word' id='word_1_10' title='bbox 911 235 1067 273; x_wconf 84' lang='lat' dir='ltr'>fuerunt</span> 
     </span>
     <span class='ocr_line' id='line_1_3' title="bbox 123 287 390 331; baseline -0.022 0"><span class='ocrx_word' id='word_1_11' title='bbox 123 293 345 331; x_wconf 75' lang='lat' dir='ltr'>constructa</span> <span class='ocrx_word' id='word_1_12' title='bbox 367 287 390 326; x_wconf 90' lang='lat'>¹.</span> 
     </span>
    </p>

    <p class='ocr_par' dir='ltr' id='par_1_3' title="bbox 114 341 1066 1347">
     <span class='ocr_line' id='line_1_4' title="bbox 173 341 1066 380; baseline -0.002 0"><span class='ocrx_word' id='word_1_13' title='bbox 173 343 211 380; x_wconf 90' lang='lat' dir='ltr'>S.</span> <span class='ocrx_word' id='word_1_14' title='bbox 224 342 458 380; x_wconf 87' lang='lat' dir='ltr'>Pachomius</span> <span class='ocrx_word' id='word_1_15' title='bbox 478 342 516 379; x_wconf 93' lang='lat' dir='ltr'>in</span> <span class='ocrx_word' id='word_1_16' title='bbox 539 342 737 380; x_wconf 82' lang='lat' dir='ltr'>Thebaide</span> <span class='ocrx_word' id='word_1_17' title='bbox 755 343 868 379; x_wconf 83' lang='lat' dir='ltr'>natus</span> <span class='ocrx_word' id='word_1_18' title='bbox 883 341 987 378; x_wconf 89' lang='lat' dir='ltr'>circa</span> <span class='ocrx_word' id='word_1_19' title='bbox 1002 353 1066 378; x_wconf 91' lang='lat' dir='ltr'>an-</span> 
     </span>
     <span class='ocr_line' id='line_1_5' title="bbox 121 395 1065 444; baseline -0.002 -10"><span class='ocrx_word' id='word_1_20' title='bbox 121 407 214 434; x_wconf 90' lang='lat' dir='ltr'>num</span> <span class='ocrx_word' id='word_1_21' title='bbox 250 396 349 440; x_wconf 76' lang='lat'>292,</span> <span class='ocrx_word' id='word_1_22' title='bbox 388 407 506 444; x_wconf 86' lang='lat' dir='ltr'>quum</span> <span class='ocrx_word' id='word_1_23' title='bbox 541 396 702 433; x_wconf 73' lang='lat' dir='ltr'><strong>desertis</strong></span> <span class='ocrx_word' id='word_1_24' title='bbox 731 395 869 432; x_wconf 90' lang='lat' dir='ltr'>ritibus</span> <span class='ocrx_word' id='word_1_25' title='bbox 899 395 1065 432; x_wconf 78' lang='lat' dir='ltr'>ethnicis</span> 
     </span>
     <span class='ocr_line' id='line_1_6' title="bbox 122 448 1065 498; baseline -0.003 -12"><span class='ocrx_word' id='word_1_26' title='bbox 122 452 238 498; x_wconf 82' lang='lat' dir='ltr'>atque</span> <span class='ocrx_word' id='word_1_27' title='bbox 259 448 410 493; x_wconf 84' lang='lat' dir='ltr'>militia,</span> <span class='ocrx_word' id='word_1_28' title='bbox 448 449 702 486; x_wconf 69' lang='lat' dir='ltr'>christianam</span> <span class='ocrx_word' id='word_1_29' title='bbox 732 448 846 484; x_wconf 88' lang='lat' dir='ltr'>fidem</span> <span class='ocrx_word' id='word_1_30' title='bbox 877 451 916 484; x_wconf 81' lang='lat' dir='ltr'>ct</span> <span class='ocrx_word' id='word_1_31' title='bbox 944 448 1065 484; x_wconf 82' lang='lat' dir='ltr'>vitam</span> 
     </span>
     <span class='ocr_line' id='line_1_7' title="bbox 117 501 1063 550; baseline -0.004 -10"><span class='ocrx_word' id='word_1_32' title='bbox 117 502 324 540; x_wconf 76' lang='lat' dir='ltr'>asceticam</span> <span class='ocrx_word' id='word_1_33' title='bbox 345 504 584 550; x_wconf 71' lang='lat' dir='ltr'>susceperat,</span> <span class='ocrx_word' id='word_1_34' title='bbox 604 502 641 538; x_wconf 94' lang='lat' dir='ltr'>in</span> <span class='ocrx_word' id='word_1_35' title='bbox 662 501 788 538; x_wconf 87' lang='lat' dir='ltr'>insula</span> <span class='ocrx_word' id='word_1_36' title='bbox 803 501 990 537; x_wconf 85' lang='lat' dir='ltr'>Tabenna</span> <span class='ocrx_word' id='word_1_37' title='bbox 1011 501 1063 536; x_wconf 90' lang='lat' dir='ltr'>di—</span> 
     </span>
     <span class='ocr_line' id='line_1_8' title="bbox 117 553 1066 604; baseline -0.003 -12"><span class='ocrx_word' id='word_1_38' title='bbox 117 554 284 604; x_wconf 86' lang='lat' dir='ltr'>scipulos</span> <span class='ocrx_word' id='word_1_39' title='bbox 302 555 444 592; x_wconf 86' lang='lat' dir='ltr'>multos</span> <span class='ocrx_word' id='word_1_40' title='bbox 465 553 719 603; x_wconf 69' lang='lat' dir='ltr'>congregavit</span> <span class='ocrx_word' id='word_1_41' title='bbox 740 555 780 590; x_wconf 90' lang='lat' dir='ltr'>ct</span> <span class='ocrx_word' id='word_1_42' title='bbox 799 553 836 590; x_wconf 90' lang='lat' dir='ltr'>in</span> <span class='ocrx_word' id='word_1_43' title='bbox 860 554 1066 590; x_wconf 88' lang='lat' dir='ltr'>contuber—</span> 
     </span>
     <span class='ocr_line' id='line_1_9' title="bbox 119 606 1066 655; baseline -0.002 -10"><span class='ocrx_word' id='word_1_44' title='bbox 119 608 182 645; x_wconf 89' lang='lat' dir='ltr'>nia</span> <span class='ocrx_word' id='word_1_45' title='bbox 201 608 421 653; x_wconf 80' lang='lat' dir='ltr'>distribuit3</span> <span class='ocrx_word' id='word_1_46' title='bbox 445 608 489 644; x_wconf 90' lang='lat' dir='ltr'>iis</span> <span class='ocrx_word' id='word_1_47' title='bbox 501 607 676 655; x_wconf 79' lang='lat' dir='ltr'>regulam</span> <span class='ocrx_word' id='word_1_48' title='bbox 690 606 948 655; x_wconf 70' lang='lat' dir='ltr'>praescripsit,</span> <span class='ocrx_word' id='word_1_49' title='bbox 961 618 1066 643; x_wconf 89' lang='lat' dir='ltr'>occo-</span> 
     </span>
     <span class='ocr_line' id='line_1_10' title="bbox 119 659 1064 710; baseline -0.003 -12"><span class='ocrx_word' id='word_1_50' title='bbox 119 672 251 698; x_wconf 83' lang='lat' dir='ltr'>nomos</span> <span class='ocrx_word' id='word_1_51' title='bbox 271 664 310 698; x_wconf 87' lang='lat' dir='ltr'>et</span> <span class='ocrx_word' id='word_1_52' title='bbox 331 661 543 710; x_wconf 79' lang='lat' dir='ltr'>praefectos</span> <span class='ocrx_word' id='word_1_53' title='bbox 564 661 777 708; x_wconf 86' lang='lat' dir='ltr'>horumque</span> <span class='ocrx_word' id='word_1_54' title='bbox 793 659 981 697; x_wconf 87' lang='lat' dir='ltr'>secundos</span> <span class='ocrx_word' id='word_1_55' title='bbox 997 660 1064 696; x_wconf 88' lang='lat' dir='ltr'>de-</span> 
     </span>
     <span class='ocr_line' id='line_1_11' title="bbox 117 712 1059 763; baseline -0.002 -12"><span class='ocrx_word' id='word_1_56' title='bbox 117 714 299 763; x_wconf 78' lang='lat' dir='ltr'>signavit,</span> <span class='ocrx_word' id='word_1_57' title='bbox 320 715 383 762; x_wconf 90' lang='lat' dir='ltr'>qui</span> <span class='ocrx_word' id='word_1_58' title='bbox 404 713 621 762; x_wconf 85' lang='lat' dir='ltr'>spiritalem</span> <span class='ocrx_word' id='word_1_59' title='bbox 642 715 680 749; x_wconf 90' lang='lat' dir='ltr'>et</span> <span class='ocrx_word' id='word_1_60' title='bbox 708 713 946 762; x_wconf 72' lang='lat' dir='ltr'>corporalem</span> <span class='ocrx_word' id='word_1_61' title='bbox 976 712 1059 749; x_wconf 82' lang='lat' dir='ltr'>fra-</span> 
     </span>
     <span class='ocr_line' id='line_1_12' title="bbox 116 766 1060 814; baseline -0.001 -10"><span class='ocrx_word' id='word_1_62' title='bbox 116 769 220 804; x_wconf 85' lang='lat' dir='ltr'>trum</span> <span class='ocrx_word' id='word_1_63' title='bbox 244 779 399 811; x_wconf 85' lang='lat' dir='ltr'>curam,</span> <span class='ocrx_word' id='word_1_64' title='bbox 420 767 491 803; x_wconf 88' lang='lat' dir='ltr'>sub</span> <span class='ocrx_word' id='word_1_65' title='bbox 523 778 596 802; x_wconf 84' lang='lat' dir='ltr'>uno</span> <span class='ocrx_word' id='word_1_66' title='bbox 624 766 794 802; x_wconf 88' lang='lat' dir='ltr'>omnium</span> <span class='ocrx_word' id='word_1_67' title='bbox 823 766 1060 814; x_wconf 89' lang='lat' dir='ltr'>praeposito,</span> 
     </span>
     <span class='ocr_line' id='line_1_13' title="bbox 118 819 1063 869; baseline -0.001 -12"><span class='ocrx_word' id='word_1_68' title='bbox 118 824 313 869; x_wconf 77' lang='lat' dir='ltr'>gererent3</span> <span class='ocrx_word' id='word_1_69' title='bbox 337 820 473 857; x_wconf 87' lang='lat' dir='ltr'>deinde</span> <span class='ocrx_word' id='word_1_70' title='bbox 484 819 658 856; x_wconf 87' lang='lat' dir='ltr'>eamdem</span> <span class='ocrx_word' id='word_1_71' title='bbox 675 819 914 868; x_wconf 86' lang='lat' dir='ltr'>disciplinam</span> <span class='ocrx_word' id='word_1_72' title='bbox 930 819 978 856; x_wconf 90' lang='lat' dir='ltr'>ad</span> <span class='ocrx_word' id='word_1_73' title='bbox 995 831 1063 856; x_wconf 76' lang='lat' dir='ltr'>sex</span> 
     </span>
     <span class='ocr_line' id='line_1_14' title="bbox 119 872 1062 910; baseline -0.001 0"><span class='ocrx_word' id='word_1_74' title='bbox 119 873 218 910; x_wconf 89' lang='lat' dir='ltr'>alias</span> <span class='ocrx_word' id='word_1_75' title='bbox 237 873 455 910; x_wconf 84' lang='lat' dir='ltr'>mansiones</span> <span class='ocrx_word' id='word_1_76' title='bbox 476 872 653 909; x_wconf 82' lang='lat' dir='ltr'>extendit</span> <span class='ocrx_word' id='word_1_77' title='bbox 671 875 780 909; x_wconf 87' lang='lat' dir='ltr'>tanto</span> <span class='ocrx_word' id='word_1_78' title='bbox 800 884 889 909; x_wconf 90' lang='lat' dir='ltr'>cum</span> <span class='ocrx_word' id='word_1_79' title='bbox 905 884 1062 909; x_wconf 86' lang='lat' dir='ltr'>succes—</span> 
     </span>
     <span class='ocr_line' id='line_1_15' title="bbox 119 925 1063 974; baseline -0.001 -11"><span class='ocrx_word' id='word_1_80' title='bbox 119 938 179 971; x_wconf 93' lang='lat' dir='ltr'>su,</span> <span class='ocrx_word' id='word_1_81' title='bbox 202 928 245 963; x_wconf 91' lang='lat' dir='ltr'>ut</span> <span class='ocrx_word' id='word_1_82' title='bbox 265 930 356 963; x_wconf 89' lang='lat' dir='ltr'>ante</span> <span class='ocrx_word' id='word_1_83' title='bbox 377 926 522 962; x_wconf 85' lang='lat' dir='ltr'>obitum</span> <span class='ocrx_word' id='word_1_84' title='bbox 544 937 670 970; x_wconf 80' lang='lat' dir='ltr'>suuni,</span> <span class='ocrx_word' id='word_1_85' title='bbox 693 925 758 973; x_wconf 91' lang='lat' dir='ltr'>qui</span> <span class='ocrx_word' id='word_1_86' title='bbox 779 925 943 974; x_wconf 86' lang='lat' dir='ltr'>contigit</span> <span class='ocrx_word' id='word_1_87' title='bbox 963 937 1063 962; x_wconf 91' lang='lat' dir='ltr'>anno</span> 
     </span>
     <span class='ocr_line' id='line_1_16' title="bbox 117 978 1061 1022; baseline -0.002 -6"><span class='ocrx_word' id='word_1_88' title='bbox 117 979 207 1022; x_wconf 84' lang='lat'>348,</span> <span class='ocrx_word' id='word_1_89' title='bbox 228 979 304 1016; x_wconf 87' lang='lat' dir='ltr'>tria</span> <span class='ocrx_word' id='word_1_90' title='bbox 321 979 599 1016; x_wconf 89' lang='lat' dir='ltr'>monachorum</span> <span class='ocrx_word' id='word_1_91' title='bbox 618 978 737 1015; x_wconf 91' lang='lat' dir='ltr'>millia</span> <span class='ocrx_word' id='word_1_92' title='bbox 754 979 897 1015; x_wconf 89' lang='lat' dir='ltr'>viderit</span> <span class='ocrx_word' id='word_1_93' title='bbox 909 979 979 1016; x_wconf 89' lang='lat' dir='ltr'>sub</span> <span class='ocrx_word' id='word_1_94' title='bbox 995 991 1061 1016; x_wconf 91' lang='lat' dir='ltr'>suo</span> 
     </span>
     <span class='ocr_line' id='line_1_17' title="bbox 116 1031 1061 1069; baseline -0.001 0"><span class='ocrx_word' id='word_1_95' title='bbox 116 1032 380 1069; x_wconf 79' lang='lat' dir='ltr'>moderamine</span> <span class='ocrx_word' id='word_1_96' title='bbox 401 1032 613 1069; x_wconf 85' lang='lat' dir='ltr'>constituta</span> <span class='ocrx_word' id='word_1_97' title='bbox 632 1031 657 1068; x_wconf 73' lang='lat'>².</span> <span class='ocrx_word' id='word_1_98' title='bbox 680 1033 714 1068; x_wconf 84' lang='lat' dir='ltr'>A</span> <span class='ocrx_word' id='word_1_99' title='bbox 734 1031 771 1068; x_wconf 88' lang='lat' dir='ltr'>S.</span> <span class='ocrx_word' id='word_1_100' title='bbox 793 1031 1002 1069; x_wconf 86' lang='lat' dir='ltr'>Pachomio</span> <span class='ocrx_word' id='word_1_101' title='bbox 1021 1032 1061 1069; x_wconf 90' lang='lat' dir='ltr'>in</span> 
     </span>
     <span class='ocr_line' id='line_1_18' title="bbox 115 1084 1059 1134; baseline 0 -12"><span class='ocrx_word' id='word_1_102' title='bbox 115 1086 294 1134; x_wconf 73' lang='lat' dir='ltr'>Aegypto</span> <span class='ocrx_word' id='word_1_103' title='bbox 315 1085 586 1122; x_wconf 89' lang='lat' dir='ltr'>monachorum</span> <span class='ocrx_word' id='word_1_104' title='bbox 608 1084 732 1122; x_wconf 80' lang='lat' dir='ltr'>fornia</span> <span class='ocrx_word' id='word_1_105' title='bbox 750 1097 892 1133; x_wconf 85' lang='lat' dir='ltr'>magno</span> <span class='ocrx_word' id='word_1_106' title='bbox 922 1085 1059 1133; x_wconf 89' lang='lat' dir='ltr'>plausu</span> 
     </span>
     <span class='ocr_line' id='line_1_19' title="bbox 116 1138 1060 1187; baseline 0 -12"><span class='ocrx_word' id='word_1_107' title='bbox 116 1138 316 1180; x_wconf 81' lang='lat' dir='ltr'>ordinata,</span> <span class='ocrx_word' id='word_1_108' title='bbox 346 1142 502 1187; x_wconf 89' lang='lat' dir='ltr'>propter</span> <span class='ocrx_word' id='word_1_109' title='bbox 528 1138 755 1175; x_wconf 87' lang='lat' dir='ltr'>innumeras</span> <span class='ocrx_word' id='word_1_110' title='bbox 791 1150 881 1176; x_wconf 88' lang='lat' dir='ltr'>suas</span> <span class='ocrx_word' id='word_1_111' title='bbox 911 1138 1060 1176; x_wconf 86' lang='lat' dir='ltr'>utilita-</span> 
     </span>
     <span class='ocr_line' id='line_1_20' title="bbox 115 1190 1058 1240; baseline 0.001 -12"><span class='ocrx_word' id='word_1_112' title='bbox 115 1194 186 1237; x_wconf 90' lang='lat' dir='ltr'>tes,</span> <span class='ocrx_word' id='word_1_113' title='bbox 205 1192 307 1229; x_wconf 89' lang='lat' dir='ltr'>inter</span> <span class='ocrx_word' id='word_1_114' title='bbox 325 1192 533 1229; x_wconf 88' lang='lat' dir='ltr'>monachos</span> <span class='ocrx_word' id='word_1_115' title='bbox 552 1193 711 1240; x_wconf 89' lang='lat' dir='ltr'>recepta</span> <span class='ocrx_word' id='word_1_116' title='bbox 730 1190 817 1237; x_wconf 80' lang='lat' dir='ltr'>fuit,</span> <span class='ocrx_word' id='word_1_117' title='bbox 838 1194 877 1228; x_wconf 93' lang='lat' dir='ltr'>et</span> <span class='ocrx_word' id='word_1_118' title='bbox 904 1191 1058 1229; x_wconf 88' lang='lat' dir='ltr'>labente</span> 
     </span>
     <span class='ocr_line' id='line_1_21' title="bbox 114 1244 1057 1293; baseline 0 -11"><span class='ocrx_word' id='word_1_119' title='bbox 114 1246 290 1293; x_wconf 88' lang='lat' dir='ltr'>tempore</span> <span class='ocrx_word' id='word_1_120' title='bbox 310 1248 391 1282; x_wconf 87' lang='lat' dir='ltr'>tam</span> <span class='ocrx_word' id='word_1_121' title='bbox 411 1245 450 1281; x_wconf 91' lang='lat' dir='ltr'>in</span> <span class='ocrx_word' id='word_1_122' title='bbox 470 1245 630 1282; x_wconf 83' lang='lat' dir='ltr'>Oriente</span> <span class='ocrx_word' id='word_1_123' title='bbox 659 1255 776 1292; x_wconf 88' lang='lat' dir='ltr'>quam</span> <span class='ocrx_word' id='word_1_124' title='bbox 795 1244 834 1281; x_wconf 91' lang='lat' dir='ltr'>in</span> <span class='ocrx_word' id='word_1_125' title='bbox 850 1244 1057 1282; x_wconf 76' lang='lat' dir='ltr'>Occidente</span> 
     </span>
     <span class='ocr_line' id='line_1_22' title="bbox 115 1297 802 1347; baseline 0 -12"><span class='ocrx_word' id='word_1_126' title='bbox 115 1297 256 1347; x_wconf 90' lang='lat' dir='ltr'>passim</span> <span class='ocrx_word' id='word_1_127' title='bbox 279 1298 325 1335; x_wconf 91' lang='lat' dir='ltr'>ab</span> <span class='ocrx_word' id='word_1_128' title='bbox 345 1298 521 1335; x_wconf 88' lang='lat' dir='ltr'>omnibus</span> <span class='ocrx_word' id='word_1_129' title='bbox 541 1297 802 1346; x_wconf 82' lang='lat' dir='ltr'>frequentata.</span> 
     </span>
    </p>

    <p class='ocr_par' dir='ltr' id='par_1_4' title="bbox 111 1350 1059 1666">
     <span class='ocr_line' id='line_1_23' title="bbox 167 1350 1059 1389; baseline 0 -1"><span class='ocrx_word' id='word_1_130' title='bbox 167 1351 210 1388; x_wconf 91' lang='lat' dir='ltr'>In</span> <span class='ocrx_word' id='word_1_131' title='bbox 231 1351 423 1388; x_wconf 91' lang='lat' dir='ltr'>montibus</span> <span class='ocrx_word' id='word_1_132' title='bbox 435 1350 699 1388; x_wconf 84' lang='lat' dir='ltr'>Nitriensibus</span> <span class='ocrx_word' id='word_1_133' title='bbox 719 1354 758 1387; x_wconf 90' lang='lat' dir='ltr'>et</span> <span class='ocrx_word' id='word_1_134' title='bbox 779 1350 981 1389; x_wconf 86' lang='lat' dir='ltr'>adiacente</span> <span class='ocrx_word' id='word_1_135' title='bbox 997 1352 1059 1388; x_wconf 89' lang='lat' dir='ltr'>de-</span> 
     </span>
     <span class='ocr_line' id='line_1_24' title="bbox 114 1404 1054 1442; baseline 0 -1"><span class='ocrx_word' id='word_1_136' title='bbox 114 1407 217 1441; x_wconf 88' lang='lat' dir='ltr'>serto</span> <span class='ocrx_word' id='word_1_137' title='bbox 236 1404 386 1442; x_wconf 89' lang='lat' dir='ltr'>Scetico</span> <span class='ocrx_word' id='word_1_138' title='bbox 418 1404 674 1442; x_wconf 88' lang='lat' dir='ltr'>monasticum</span> <span class='ocrx_word' id='word_1_139' title='bbox 706 1404 931 1441; x_wconf 89' lang='lat' dir='ltr'>institutum</span> <span class='ocrx_word' id='word_1_140' title='bbox 958 1405 1054 1441; x_wconf 89' lang='lat' dir='ltr'>insi-</span> 
     </span>
     <span class='ocr_line' id='line_1_25' title="bbox 112 1457 1054 1506; baseline 0.001 -12"><span class='ocrx_word' id='word_1_141' title='bbox 112 1457 240 1506; x_wconf 90' lang='lat' dir='ltr'>gniter</span> <span class='ocrx_word' id='word_1_142' title='bbox 268 1457 500 1506; x_wconf 88' lang='lat' dir='ltr'>propagavit</span> <span class='ocrx_word' id='word_1_143' title='bbox 519 1470 548 1494; x_wconf 90' lang='lat' dir='ltr'>s.</span> <span class='ocrx_word' id='word_1_144' title='bbox 569 1460 732 1494; x_wconf 80' lang='lat' dir='ltr'>Ammon</span> <span class='ocrx_word' id='word_1_145' title='bbox 750 1486 759 1502; x_wconf 96' lang='lat'>,</span> <span class='ocrx_word' id='word_1_146' title='bbox 788 1469 808 1494; x_wconf 93' lang='lat' dir='ltr'>e</span> <span class='ocrx_word' id='word_1_147' title='bbox 838 1458 953 1494; x_wconf 91' lang='lat' dir='ltr'>nobili</span> <span class='ocrx_word' id='word_1_148' title='bbox 975 1458 1054 1495; x_wconf 59' lang='grc' dir='ltr'>ΛΕ-</span> 
     </span>
     <span class='ocr_line' id='line_1_26' title="bbox 113 1510 1055 1559; baseline -0.001 -11"><span class='ocrx_word' id='word_1_149' title='bbox 113 1510 223 1559; x_wconf 83' lang='lat' dir='ltr'>gypti</span> <span class='ocrx_word' id='word_1_150' title='bbox 243 1510 391 1548; x_wconf 87' lang='lat' dir='ltr'>familia</span> <span class='ocrx_word' id='word_1_151' title='bbox 413 1513 527 1548; x_wconf 90' lang='lat' dir='ltr'>natus</span> <span class='ocrx_word' id='word_1_152' title='bbox 547 1511 651 1547; x_wconf 90' lang='lat' dir='ltr'>circa</span> <span class='ocrx_word' id='word_1_153' title='bbox 671 1522 814 1547; x_wconf 89' lang='lat' dir='ltr'>annum</span> <span class='ocrx_word' id='word_1_154' title='bbox 833 1511 911 1548; x_wconf 77' lang='lat'>286</span> <span class='ocrx_word' id='word_1_155' title='bbox 931 1510 955 1547; x_wconf 80' lang='lat'>³.</span> <span class='ocrx_word' id='word_1_156' title='bbox 978 1511 1055 1548; x_wconf 87' lang='lat' dir='ltr'>Alii</span> 
     </span>
     <span class='ocr_line' id='line_1_27' title="bbox 112 1563 1056 1613; baseline 0.001 -13"><span class='ocrx_word' id='word_1_157' title='bbox 112 1563 292 1612; x_wconf 84' lang='lat' dir='ltr'>deinceps</span> <span class='ocrx_word' id='word_1_158' title='bbox 311 1563 350 1600; x_wconf 92' lang='lat' dir='ltr'>in</span> <span class='ocrx_word' id='word_1_159' title='bbox 371 1564 457 1601; x_wconf 91' lang='lat' dir='ltr'>aliis</span> <span class='ocrx_word' id='word_1_160' title='bbox 476 1564 700 1613; x_wconf 78' lang='lat' dir='ltr'>regionibus</span> <span class='ocrx_word' id='word_1_161' title='bbox 722 1565 975 1602; x_wconf 86' lang='lat' dir='ltr'>monasticam</span> <span class='ocrx_word' id='word_1_162' title='bbox 994 1564 1056 1601; x_wconf 90' lang='lat' dir='ltr'>vi-</span> 
     </span>
     <span class='ocr_line' id='line_1_28' title="bbox 111 1617 1055 1666; baseline 0.002 -13"><span class='ocrx_word' id='word_1_163' title='bbox 111 1618 193 1654; x_wconf 89' lang='lat' dir='ltr'>tam</span> <span class='ocrx_word' id='word_1_164' title='bbox 222 1620 292 1654; x_wconf 88' lang='lat' dir='ltr'>aut</span> <span class='ocrx_word' id='word_1_165' title='bbox 320 1617 620 1654; x_wconf 77' lang='lat' dir='ltr'>introduxerunt</span> <span class='ocrx_word' id='word_1_166' title='bbox 639 1619 709 1655; x_wconf 90' lang='lat' dir='ltr'>aut</span> <span class='ocrx_word' id='word_1_167' title='bbox 728 1621 1055 1666; x_wconf 72' lang='lat' dir='ltr'>propagaverunt.</span> 
     </span>
    </p>

    <p class='ocr_par' dir='ltr' id='par_1_5' title="bbox 107 1670 1057 2568">
     <span class='ocr_line' id='line_1_29' title="bbox 165 1670 1053 1718; baseline 0.002 -12"><span class='ocrx_word' id='word_1_168' title='bbox 165 1670 483 1718; x_wconf 91' lang='lat' dir='ltr'>Depromovendo</span> <span class='ocrx_word' id='word_1_169' title='bbox 503 1670 620 1708; x_wconf 87' lang='lat' dir='ltr'>etiam</span> <span class='ocrx_word' id='word_1_170' title='bbox 641 1670 822 1708; x_wconf 87' lang='lat' dir='ltr'>instituto</span> <span class='ocrx_word' id='word_1_171' title='bbox 839 1671 1053 1708; x_wconf 85' lang='lat' dir='ltr'>monast-ico</span> 
     </span>
     <span class='ocr_line' id='line_1_30' title="bbox 111 1722 1056 1772; baseline 0.002 -13"><span class='ocrx_word' id='word_1_172' title='bbox 111 1722 315 1772; x_wconf 86' lang='lat' dir='ltr'>insigniter</span> <span class='ocrx_word' id='word_1_173' title='bbox 339 1726 571 1761; x_wconf 90' lang='lat' dir='ltr'>meruerunt</span> <span class='ocrx_word' id='word_1_174' title='bbox 591 1724 833 1761; x_wconf 82' lang='lat' dir='ltr'>celeberrimi</span> <span class='ocrx_word' id='word_1_175' title='bbox 860 1723 1056 1762; x_wconf 81' lang='lat' dir='ltr'>Ecclesiae</span> 
     </span>
     <span class='ocr_line' id='line_1_31' title="bbox 111 1776 1057 1826; baseline 0.003 -14"><span class='ocrx_word' id='word_1_176' title='bbox 111 1776 310 1822; x_wconf 90' lang='lat' dir='ltr'>doctores,</span> <span class='ocrx_word' id='word_1_177' title='bbox 337 1776 414 1825; x_wconf 90' lang='lat' dir='ltr'>qui,</span> <span class='ocrx_word' id='word_1_178' title='bbox 445 1789 518 1813; x_wconf 89' lang='lat' dir='ltr'>non</span> <span class='ocrx_word' id='word_1_179' title='bbox 547 1776 673 1814; x_wconf 90' lang='lat' dir='ltr'>minus</span> <span class='ocrx_word' id='word_1_180' title='bbox 697 1777 913 1814; x_wconf 79' lang='lat' dir='ltr'>sanctitatis</span> <span class='ocrx_word' id='word_1_181' title='bbox 941 1789 1057 1826; x_wconf 89' lang='lat' dir='ltr'>quam</span> 
     </span>
     <span class='ocr_line' id='line_1_32' title="bbox 110 1829 1055 1877; baseline 0.002 -11"><span class='ocrx_word' id='word_1_182' title='bbox 110 1829 339 1867; x_wconf 87' lang='lat' dir='ltr'>eruditionis</span> <span class='ocrx_word' id='word_1_183' title='bbox 364 1830 478 1867; x_wconf 88' lang='lat' dir='ltr'>laude</span> <span class='ocrx_word' id='word_1_184' title='bbox 498 1829 680 1867; x_wconf 89' lang='lat' dir='ltr'>fiorentes</span> <span class='ocrx_word' id='word_1_185' title='bbox 693 1860 702 1877; x_wconf 92' lang='lat'>,</span> <span class='ocrx_word' id='word_1_186' title='bbox 723 1830 845 1867; x_wconf 87' lang='lat' dir='ltr'>vitam</span> <span class='ocrx_word' id='word_1_187' title='bbox 865 1831 1055 1868; x_wconf 86' lang='lat' dir='ltr'>monasti-</span> 
     </span>
     <span class='ocr_line' id='line_1_33' title="bbox 111 1882 1054 1933; baseline 0.002 -14"><span class='ocrx_word' id='word_1_188' title='bbox 111 1893 197 1918; x_wconf 86' lang='lat' dir='ltr'>cam</span> <span class='ocrx_word' id='word_1_189' title='bbox 217 1884 417 1931; x_wconf 88' lang='lat' dir='ltr'>tamquam</span> <span class='ocrx_word' id='word_1_190' title='bbox 437 1882 683 1932; x_wconf 84' lang='lat' dir='ltr'>perfectionis</span> <span class='ocrx_word' id='word_1_191' title='bbox 709 1883 943 1921; x_wconf 83' lang='lat' dir='ltr'>christianae</span> <span class='ocrx_word' id='word_1_192' title='bbox 969 1885 1054 1933; x_wconf 90' lang='lat' dir='ltr'>api-</span> 
     </span>
     <span class='ocr_line' id='line_1_34' title="bbox 113 1936 1052 1983; baseline 0.003 -11"><span class='ocrx_word' id='word_1_193' title='bbox 113 1946 194 1972; x_wconf 86' lang='lat' dir='ltr'>cem</span> <span class='ocrx_word' id='word_1_194' title='bbox 215 1936 374 1973; x_wconf 91' lang='lat' dir='ltr'>summis</span> <span class='ocrx_word' id='word_1_195' title='bbox 394 1936 572 1973; x_wconf 87' lang='lat' dir='ltr'>laudibus</span> <span class='ocrx_word' id='word_1_196' title='bbox 593 1936 854 1983; x_wconf 83' lang='lat' dir='ltr'>celebrabant,</span> <span class='ocrx_word' id='word_1_197' title='bbox 883 1937 978 1975; x_wconf 92' lang='lat' dir='ltr'>alios</span> <span class='ocrx_word' id='word_1_198' title='bbox 1007 1938 1052 1975; x_wconf 89' lang='lat' dir='ltr'>ad</span> 
     </span>
     <span class='ocr_line' id='line_1_35' title="bbox 112 1989 1053 2039; baseline 0.002 -14"><span class='ocrx_word' id='word_1_199' title='bbox 112 1999 197 2026; x_wconf 88' lang='lat' dir='ltr'>eam</span> <span class='ocrx_word' id='word_1_200' title='bbox 218 1989 502 2038; x_wconf 87' lang='lat' dir='ltr'>suscipiendam</span> <span class='ocrx_word' id='word_1_201' title='bbox 522 1989 782 2027; x_wconf 88' lang='lat' dir='ltr'>hortabantur</span> <span class='ocrx_word' id='word_1_202' title='bbox 795 2019 804 2036; x_wconf 95' lang='lat'>,</span> <span class='ocrx_word' id='word_1_203' title='bbox 824 1989 904 2039; x_wconf 89' lang='lat' dir='ltr'>ipse</span> <span class='ocrx_word' id='word_1_204' title='bbox 934 1990 996 2027; x_wconf 89' lang='lat' dir='ltr'>vel</span> <span class='ocrx_word' id='word_1_205' title='bbox 1016 1991 1053 2027; x_wconf 88' lang='lat' dir='ltr'>in</span> 
     </span>
     <span class='ocr_line' id='line_1_36' title="bbox 108 2042 1052 2091; baseline 0.003 -13"><span class='ocrx_word' id='word_1_206' title='bbox 108 2052 251 2087; x_wconf 89' lang='lat' dir='ltr'>eremo,</span> <span class='ocrx_word' id='word_1_207' title='bbox 270 2042 334 2080; x_wconf 87' lang='lat' dir='ltr'>vel</span> <span class='ocrx_word' id='word_1_208' title='bbox 353 2043 401 2079; x_wconf 91' lang='lat' dir='ltr'>ad</span> <span class='ocrx_word' id='word_1_209' title='bbox 421 2043 683 2091; x_wconf 89' lang='lat' dir='ltr'>episcopatum</span> <span class='ocrx_word' id='word_1_210' title='bbox 703 2043 842 2089; x_wconf 88' lang='lat' dir='ltr'>evecti,</span> <span class='ocrx_word' id='word_1_211' title='bbox 856 2043 894 2080; x_wconf 90' lang='lat' dir='ltr'>in</span> <span class='ocrx_word' id='word_1_212' title='bbox 915 2043 1052 2082; x_wconf 89' lang='lat' dir='ltr'>civita-</span> 
     </span>
     <span class='ocr_line' id='line_1_37' title="bbox 107 2093 1052 2142; baseline 0.003 -11"><span class='ocrx_word' id='word_1_213' title='bbox 107 2093 210 2132; x_wconf 89' lang='lat' dir='ltr'>tibus</span> <span class='ocrx_word' id='word_1_214' title='bbox 230 2095 350 2133; x_wconf 87' lang='lat' dir='ltr'>vitam</span> <span class='ocrx_word' id='word_1_215' title='bbox 369 2096 573 2133; x_wconf 85' lang='lat' dir='ltr'>admodum</span> <span class='ocrx_word' id='word_1_216' title='bbox 590 2098 801 2142; x_wconf 88' lang='lat' dir='ltr'>austeram,</span> <span class='ocrx_word' id='word_1_217' title='bbox 818 2098 1052 2135; x_wconf 89' lang='lat' dir='ltr'>monasticae</span> 
     </span>
     <span class='ocr_line' id='line_1_38' title="bbox 108 2147 1051 2198; baseline 0.004 -14"><span class='ocrx_word' id='word_1_218' title='bbox 108 2147 288 2195; x_wconf 89' lang='lat' dir='ltr'>similem,</span> <span class='ocrx_word' id='word_1_219' title='bbox 309 2148 509 2195; x_wconf 83' lang='lat' dir='ltr'>vivebant,</span> <span class='ocrx_word' id='word_1_220' title='bbox 530 2149 747 2198; x_wconf 88' lang='lat' dir='ltr'>summique</span> <span class='ocrx_word' id='word_1_221' title='bbox 775 2151 1051 2188; x_wconf 90' lang='lat' dir='ltr'>monachorum</span> 
     </span>
     <span class='ocr_line' id='line_1_39' title="bbox 109 2201 1053 2249; baseline 0.005 -12"><span class='ocrx_word' id='word_1_222' title='bbox 109 2201 263 2249; x_wconf 89' lang='lat' dir='ltr'>patroni</span> <span class='ocrx_word' id='word_1_223' title='bbox 301 2204 339 2239; x_wconf 89' lang='lat' dir='ltr'>et</span> <span class='ocrx_word' id='word_1_224' title='bbox 378 2202 553 2240; x_wconf 85' lang='lat' dir='ltr'>fautores</span> <span class='ocrx_word' id='word_1_225' title='bbox 586 2205 710 2240; x_wconf 88' lang='lat' dir='ltr'>erant.</span> <span class='ocrx_word' id='word_1_226' title='bbox 741 2203 857 2240; x_wconf 90' lang='lat' dir='ltr'>Tales</span> <span class='ocrx_word' id='word_1_227' title='bbox 893 2203 1053 2243; x_wconf 86' lang='lat' dir='ltr'>fuerunt</span> 
     </span>
     <span class='ocr_line' id='line_1_40' title="bbox 113 2255 1050 2306; baseline 0.003 -15"><span class='ocrx_word' id='word_1_228' title='bbox 113 2265 142 2291; x_wconf 88' lang='lat' dir='ltr'>s.</span> <span class='ocrx_word' id='word_1_229' title='bbox 162 2255 410 2302; x_wconf 88' lang='lat' dir='ltr'>Athanasius,</span> <span class='ocrx_word' id='word_1_230' title='bbox 439 2267 468 2293; x_wconf 90' lang='lat' dir='ltr'>s.</span> <span class='ocrx_word' id='word_1_231' title='bbox 489 2255 676 2299; x_wconf 85' lang='lat' dir='ltr'>Basilius,</span> <span class='ocrx_word' id='word_1_232' title='bbox 706 2256 770 2305; x_wconf 90' lang='lat' dir='ltr'>qui</span> <span class='ocrx_word' id='word_1_233' title='bbox 793 2256 908 2294; x_wconf 88' lang='lat' dir='ltr'>etiam</span> <span class='ocrx_word' id='word_1_234' title='bbox 928 2269 1050 2306; x_wconf 88' lang='lat' dir='ltr'>regu-</span> 
     </span>
     <span class='ocr_line' id='line_1_41' title="bbox 114 2307 1048 2357; baseline 0.004 -13"><span class='ocrx_word' id='word_1_235' title='bbox 114 2307 172 2344; x_wconf 88' lang='lat' dir='ltr'>las</span> <span class='ocrx_word' id='word_1_236' title='bbox 187 2308 412 2357; x_wconf 87' lang='lat' dir='ltr'>conscripsit</span> <span class='ocrx_word' id='word_1_237' title='bbox 431 2321 500 2357; x_wconf 92' lang='lat' dir='ltr'>pro</span> <span class='ocrx_word' id='word_1_238' title='bbox 519 2308 732 2355; x_wconf 89' lang='lat' dir='ltr'>monachis,</span> <span class='ocrx_word' id='word_1_239' title='bbox 753 2321 848 2357; x_wconf 90' lang='lat' dir='ltr'>quas</span> <span class='ocrx_word' id='word_1_240' title='bbox 868 2310 907 2347; x_wconf 91' lang='lat' dir='ltr'>hi</span> <span class='ocrx_word' id='word_1_241' title='bbox 926 2310 965 2347; x_wconf 91' lang='lat' dir='ltr'>in</span> <span class='ocrx_word' id='word_1_242' title='bbox 995 2311 1048 2348; x_wconf 85' lang='lat' dir='ltr'>O·-</span> 
     </span>
     <span class='ocr_line' id='line_1_42' title="bbox 112 2360 1049 2412; baseline 0.004 -15"><span class='ocrx_word' id='word_1_243' title='bbox 112 2360 238 2398; x_wconf 86' lang='lat' dir='ltr'>riente</span> <span class='ocrx_word' id='word_1_244' title='bbox 257 2363 400 2410; x_wconf 89' lang='lat' dir='ltr'>passim</span> <span class='ocrx_word' id='word_1_245' title='bbox 419 2366 687 2411; x_wconf 86' lang='lat' dir='ltr'>susceperunt,</span> <span class='ocrx_word' id='word_1_246' title='bbox 708 2363 807 2399; x_wconf 86' lang='lat' dir='ltr'>unde</span> <span class='ocrx_word' id='word_1_247' title='bbox 832 2363 950 2400; x_wconf 89' lang='lat' dir='ltr'>etiam</span> <span class='ocrx_word' id='word_1_248' title='bbox 980 2376 1049 2412; x_wconf 91' lang='lat' dir='ltr'>po-</span> 
     </span>
     <span class='ocr_line' id='line_1_43' title="bbox 111 2414 1050 2465; baseline 0.004 -15"><span class='ocrx_word' id='word_1_249' title='bbox 111 2415 197 2450; x_wconf 90' lang='lat' dir='ltr'>stea</span> <span class='ocrx_word' id='word_1_250' title='bbox 221 2414 409 2452; x_wconf 87' lang='lat' dir='ltr'>Basiliani</span> <span class='ocrx_word' id='word_1_251' title='bbox 439 2416 621 2464; x_wconf 89' lang='lat' dir='ltr'>appellati</span> <span class='ocrx_word' id='word_1_252' title='bbox 642 2419 752 2462; x_wconf 91' lang='lat' dir='ltr'>sunt,</span> <span class='ocrx_word' id='word_1_253' title='bbox 781 2428 810 2453; x_wconf 92' lang='lat' dir='ltr'>s.</span> <span class='ocrx_word' id='word_1_254' title='bbox 840 2417 1050 2465; x_wconf 82' lang='lat' dir='ltr'>Gregorius</span> 
     </span>
     <span class='ocr_line' id='line_1_44' title="bbox 114 2466 1050 2518; baseline 0.005 -16"><span class='ocrx_word' id='word_1_255' title='bbox 114 2466 401 2514; x_wconf 87' lang='lat' dir='ltr'>Nazianzenus,</span> <span class='ocrx_word' id='word_1_256' title='bbox 421 2481 449 2506; x_wconf 92' lang='lat' dir='ltr'>s.</span> <span class='ocrx_word' id='word_1_257' title='bbox 475 2469 645 2518; x_wconf 86' lang='lat' dir='ltr'>Ephrem</span> <span class='ocrx_word' id='word_1_258' title='bbox 666 2469 809 2518; x_wconf 82' lang='lat' dir='ltr'>Syrus,</span> <span class='ocrx_word' id='word_1_259' title='bbox 839 2481 867 2507; x_wconf 86' lang='lat' dir='ltr'>s.</span> <span class='ocrx_word' id='word_1_260' title='bbox 890 2471 1050 2508; x_wconf 89' lang='lat' dir='ltr'>Ioannes</span> 
     </span>
     <span class='ocr_line' id='line_1_45' title="bbox 109 2519 418 2568; baseline 0.01 -12"><span class='ocrx_word' id='word_1_261' title='bbox 109 2519 418 2568; x_wconf 68' lang='lat' dir='ltr'>Chrysostomus.</span> 
     </span>
    </p>

    <p class='ocr_par' dir='ltr' id='par_1_6' title="bbox 104 2572 1047 2878">
     <span class='ocr_line' id='line_1_46' title="bbox 159 2572 1046 2614; baseline 0.007 -6"><span class='ocrx_word' id='word_1_262' title='bbox 159 2572 286 2614; x_wconf 90' lang='lat' dir='ltr'>Quum</span> <span class='ocrx_word' id='word_1_263' title='bbox 317 2585 418 2612; x_wconf 90' lang='lat' dir='ltr'>anno</span> <span class='ocrx_word' id='word_1_264' title='bbox 446 2575 522 2612; x_wconf 79' lang='lat'>340</span> <span class='ocrx_word' id='word_1_265' title='bbox 552 2575 724 2612; x_wconf 89' lang='lat' dir='ltr'>nonnulli</span> <span class='ocrx_word' id='word_1_266' title='bbox 754 2577 931 2613; x_wconf 89' lang='lat' dir='ltr'>monachi</span> <span class='ocrx_word' id='word_1_267' title='bbox 960 2589 1046 2614; x_wconf 90' lang='lat' dir='ltr'>cum</span> 
     </span>
     <span class='ocr_line' id='line_1_47' title="bbox 105 2626 1047 2675; baseline 0.005 -13"><span class='ocrx_word' id='word_1_268' title='bbox 105 2637 134 2663; x_wconf 91' lang='lat' dir='ltr'>s.</span> <span class='ocrx_word' id='word_1_269' title='bbox 153 2626 368 2664; x_wconf 87' lang='lat' dir='ltr'>Athanasio</span> <span class='ocrx_word' id='word_1_270' title='bbox 397 2628 592 2666; x_wconf 89' lang='lat' dir='ltr'>venissent</span> <span class='ocrx_word' id='word_1_271' title='bbox 622 2629 802 2675; x_wconf 85' lang='lat' dir='ltr'>Romam,</span> <span class='ocrx_word' id='word_1_272' title='bbox 822 2641 953 2666; x_wconf 90' lang='lat' dir='ltr'>eorum</span> <span class='ocrx_word' id='word_1_273' title='bbox 985 2630 1047 2667; x_wconf 86' lang='lat' dir='ltr'>vi-</span> 
     </span>
     <span class='ocr_line' id='line_1_48' title="bbox 105 2679 1046 2730; baseline 0.005 -15"><span class='ocrx_word' id='word_1_274' title='bbox 105 2679 221 2716; x_wconf 89' lang='lat' dir='ltr'>vendi</span> <span class='ocrx_word' id='word_1_275' title='bbox 237 2679 436 2728; x_wconf 86' lang='lat' dir='ltr'>disciplina</span> <span class='ocrx_word' id='word_1_276' title='bbox 449 2681 636 2719; x_wconf 85' lang='lat' dir='ltr'>Romanis</span> <span class='ocrx_word' id='word_1_277' title='bbox 652 2682 707 2719; x_wconf 90' lang='lat' dir='ltr'>ita</span> <span class='ocrx_word' id='word_1_278' title='bbox 723 2682 881 2730; x_wconf 86' lang='lat' dir='ltr'>placuit,</span> <span class='ocrx_word' id='word_1_279' title='bbox 900 2686 941 2720; x_wconf 91' lang='lat' dir='ltr'>ut</span> <span class='ocrx_word' id='word_1_280' title='bbox 957 2695 1046 2721; x_wconf 82' lang='lat' dir='ltr'>mox</span> 
     </span>
     <span class='ocr_line' id='line_1_49' title="bbox 104 2731 1046 2782; baseline 0.006 -14"><span class='ocrx_word' id='word_1_281' title='bbox 104 2731 233 2780; x_wconf 88' lang='lat' dir='ltr'>plures</span> <span class='ocrx_word' id='word_1_282' title='bbox 253 2732 359 2769; x_wconf 90' lang='lat' dir='ltr'>illam</span> <span class='ocrx_word' id='word_1_283' title='bbox 380 2735 633 2782; x_wconf 90' lang='lat' dir='ltr'>susceperint,</span> <span class='ocrx_word' id='word_1_284' title='bbox 643 2738 681 2773; x_wconf 90' lang='lat' dir='ltr'>et</span> <span class='ocrx_word' id='word_1_285' title='bbox 696 2738 780 2773; x_wconf 89' lang='lat' dir='ltr'>tum</span> <span class='ocrx_word' id='word_1_286' title='bbox 801 2736 951 2773; x_wconf 85' lang='lat' dir='ltr'>Romae</span> <span class='ocrx_word' id='word_1_287' title='bbox 962 2739 1046 2774; x_wconf 90' lang='lat' dir='ltr'>tum</span> 
     </span>
     <span class='ocr_line' id='line_1_50' title="bbox 104 2784 1047 2838; baseline 0.006 -17"><span class='ocrx_word' id='word_1_288' title='bbox 104 2784 142 2821; x_wconf 91' lang='lat' dir='ltr'>in</span> <span class='ocrx_word' id='word_1_289' title='bbox 158 2785 252 2822; x_wconf 92' lang='lat' dir='ltr'>locis</span> <span class='ocrx_word' id='word_1_290' title='bbox 267 2786 404 2822; x_wconf 91' lang='lat' dir='ltr'>vicinis</span> <span class='ocrx_word' id='word_1_291' title='bbox 419 2790 458 2823; x_wconf 89' lang='lat' dir='ltr'>et</span> <span class='ocrx_word' id='word_1_292' title='bbox 473 2787 606 2824; x_wconf 88' lang='lat' dir='ltr'>deinde</span> <span class='ocrx_word' id='word_1_293' title='bbox 625 2788 664 2824; x_wconf 90' lang='lat' dir='ltr'>in</span> <span class='ocrx_word' id='word_1_294' title='bbox 680 2788 830 2838; x_wconf 89' lang='lat' dir='ltr'>reliqua</span> <span class='ocrx_word' id='word_1_295' title='bbox 847 2789 959 2827; x_wconf 88' lang='lat' dir='ltr'>Italia</span> <span class='ocrx_word' id='word_1_296' title='bbox 971 2802 1047 2827; x_wconf 90' lang='lat' dir='ltr'>mo-</span> 
     </span>
     <span class='ocr_line' id='line_1_51' title="bbox 106 2838 627 2878; baseline 0.004 -3"><span class='ocrx_word' id='word_1_297' title='bbox 106 2838 277 2875; x_wconf 87' lang='lat' dir='ltr'>nasteria</span> <span class='ocrx_word' id='word_1_298' title='bbox 298 2841 520 2877; x_wconf 89' lang='lat' dir='ltr'>constructa</span> <span class='ocrx_word' id='word_1_299' title='bbox 540 2840 627 2878; x_wconf 91' lang='lat' dir='ltr'>sint.</span> 
     </span>
    </p>

    <p class='ocr_par' dir='ltr' id='par_1_7' title="bbox 103 2890 1048 3100">
     <span class='ocr_line' id='line_1_52' title="bbox 153 2890 1043 2944; baseline 0.006 -16"><span class='ocrx_word' id='word_1_300' title='bbox 153 2890 411 2929; x_wconf 90' lang='lat' dir='ltr'>Monasticum</span> <span class='ocrx_word' id='word_1_301' title='bbox 421 2893 645 2930; x_wconf 88' lang='lat' dir='ltr'>institutum</span> <span class='ocrx_word' id='word_1_302' title='bbox 656 2893 696 2930; x_wconf 92' lang='lat' dir='ltr'>in</span> <span class='ocrx_word' id='word_1_303' title='bbox 706 2895 819 2932; x_wconf 90' lang='lat' dir='ltr'>Italia</span> <span class='ocrx_word' id='word_1_304' title='bbox 831 2895 1043 2944; x_wconf 89' lang='lat' dir='ltr'>plurimum</span> 
     </span>
     <span class='ocr_line' id='line_1_53' title="bbox 105 2946 1045 2997; baseline 0.005 -16"><span class='ocrx_word' id='word_1_305' title='bbox 105 2947 379 2991; x_wconf 88' lang='lat' dir='ltr'>promoverunt</span> <span class='ocrx_word' id='word_1_306' title='bbox 398 2957 426 2983; x_wconf 88' lang='lat' dir='ltr'>s.</span> <span class='ocrx_word' id='word_1_307' title='bbox 444 2946 634 2984; x_wconf 87' lang='lat' dir='ltr'>Eusebius</span> <span class='ocrx_word' id='word_1_308' title='bbox 662 2947 856 2997; x_wconf 88' lang='lat' dir='ltr'>episcopus</span> <span class='ocrx_word' id='word_1_309' title='bbox 884 2949 1045 2987; x_wconf 85' lang='lat' dir='ltr'>Vercel-</span> 
     </span>
     <span class='ocr_line' id='line_1_54' title="bbox 106 2997 1048 3047; baseline 0.006 -13"><span class='ocrx_word' id='word_1_310' title='bbox 106 2997 234 3044; x_wconf 84' lang='lat' dir='ltr'>lensis,</span> <span class='ocrx_word' id='word_1_311' title='bbox 256 3010 285 3035; x_wconf 91' lang='lat' dir='ltr'>s.</span> <span class='ocrx_word' id='word_1_312' title='bbox 299 2999 524 3036; x_wconf 81' lang='lat' dir='ltr'>Ambrosius</span> <span class='ocrx_word' id='word_1_313' title='bbox 535 2999 845 3047; x_wconf 80' lang='lat' dir='ltr'>Mediolanensis,</span> <span class='ocrx_word' id='word_1_314' title='bbox 855 3004 893 3039; x_wconf 89' lang='lat' dir='ltr'>et</span> <span class='ocrx_word' id='word_1_315' title='bbox 912 3015 939 3040; x_wconf 88' lang='lat' dir='ltr'>s.</span> <span class='ocrx_word' id='word_1_316' title='bbox 960 3002 1048 3039; x_wconf 88' lang='lat' dir='ltr'>Hie-</span> 
     </span>
     <span class='ocr_line' id='line_1_55' title="bbox 103 3052 1046 3100; baseline 0.008 -14"><span class='ocrx_word' id='word_1_317' title='bbox 103 3061 302 3099; x_wconf 82' lang='lat' dir='ltr'>ronymus,</span> <span class='ocrx_word' id='word_1_318' title='bbox 318 3052 383 3100; x_wconf 88' lang='lat' dir='ltr'>qui</span> <span class='ocrx_word' id='word_1_319' title='bbox 405 3052 663 3090; x_wconf 85' lang='lat' dir='ltr'>nobilissimas</span> <span class='ocrx_word' id='word_1_320' title='bbox 692 3056 889 3092; x_wconf 87' lang='lat' dir='ltr'>matronas</span> <span class='ocrx_word' id='word_1_321' title='bbox 905 3056 1046 3093; x_wconf 81' lang='lat' dir='ltr'>Roma-</span> 
     </span>
    </p>
   </div>
   <div class='ocr_carea' id='block_1_3' title="bbox 143 3142 1032 3267">
    <p class='ocr_par' dir='ltr' id='par_1_8' title="bbox 143 3142 1032 3267">
     <span class='ocr_line' id='line_1_56' title="bbox 144 3142 717 3181; baseline 0.003 -9"><span class='ocrx_word' id='word_1_322' title='bbox 144 3142 155 3163; x_wconf 82' lang='lat'>¹</span> <span class='ocrx_word' id='word_1_323' title='bbox 173 3142 200 3172; x_wconf 89' lang='lat' dir='ltr'>S.</span> <span class='ocrx_word' id='word_1_324' title='bbox 221 3144 350 3181; x_wconf 81' lang='lat' dir='ltr'>Hieron,</span> <span class='ocrx_word' id='word_1_325' title='bbox 372 3143 451 3174; x_wconf 74' lang='lat' dir='ltr'>Vita</span> <span class='ocrx_word' id='word_1_326' title='bbox 468 3144 499 3174; x_wconf 80' lang='lat' dir='ltr'>S.</span> <span class='ocrx_word' id='word_1_327' title='bbox 514 3143 717 3174; x_wconf 73' lang='lat' dir='ltr'>Hilarionis.</span> 
     </span>
     <span class='ocr_line' id='line_1_57' title="bbox 145 3181 646 3223; baseline 0.008 -10"><span class='ocrx_word' id='word_1_328' title='bbox 145 3181 159 3203; x_wconf 77' lang='lat'>²</span> <span class='ocrx_word' id='word_1_329' title='bbox 174 3183 320 3223; x_wconf 87' lang='lat' dir='ltr'>Bolland.‚</span> <span class='ocrx_word' id='word_1_330' title='bbox 336 3186 421 3215; x_wconf 77' lang='lat' dir='ltr'>Acca</span> <span class='ocrx_word' id='word_1_331' title='bbox 438 3184 490 3216; x_wconf 72' lang='lat' dir='ltr'>SS.</span> <span class='ocrx_word' id='word_1_332' title='bbox 507 3184 546 3215; x_wconf 70' lang='grc' dir='ltr'>Η</span> <span class='ocrx_word' id='word_1_333' title='bbox 561 3186 646 3217; x_wconf 78' lang='lat' dir='ltr'>maii.</span> 
     </span>
     <span class='ocr_line' id='line_1_58' title="bbox 143 3223 1032 3267; baseline 0.008 -13"><span class='ocrx_word' id='word_1_334' title='bbox 143 3223 157 3244; x_wconf 83' lang='lat'><strong>³</strong></span> <span class='ocrx_word' id='word_1_335' title='bbox 168 3225 337 3264; x_wconf 76' lang='lat' dir='ltr'>Tfflemont,</span> <span class='ocrx_word' id='word_1_336' title='bbox 351 3225 546 3262; x_wconf 80' lang='lat' dir='ltr'>Me&#39;moires,</span> <span class='ocrx_word' id='word_1_337' title='bbox 559 3230 575 3256; x_wconf 83' lang='lat' dir='ltr'>t.</span> <span class='ocrx_word' id='word_1_338' title='bbox 589 3228 634 3265; x_wconf 80' lang='lat' dir='ltr'>lv,</span> <span class='ocrx_word' id='word_1_339' title='bbox 647 3237 674 3266; x_wconf 89' lang='lat' dir='ltr'>p.</span> <span class='ocrx_word' id='word_1_340' title='bbox 691 3226 757 3267; x_wconf 80' lang='lat'>153,</span> <span class='ocrx_word' id='word_1_341' title='bbox 767 3227 836 3258; x_wconf 82' lang='lat' dir='ltr'>edit.</span> <span class='ocrx_word' id='word_1_342' title='bbox 846 3228 1032 3261; x_wconf 78' lang='lat' dir='ltr'>raris.1706.</span> 
     </span>
    </p>
   </div>
   <div class='ocr_carea' id='block_1_4' title="bbox 1955 163 2005 200">
    <p class='ocr_par' dir='ltr' id='par_1_9' title="bbox 1955 163 2005 200">
     <span class='ocr_line' id='line_1_59' title="bbox 1955 163 2005 200; baseline 0 0"><span class='ocrx_word' id='word_1_343' title='bbox 1955 163 2005 200; x_wconf 89' lang='lat'>93</span> 
     </span>
    </p>
   </div>
   <div class='ocr_carea' id='block_1_5' title="bbox 1088 236 2054 2838">
    <p class='ocr_par' dir='ltr' id='par_1_10' title="bbox 1104 236 2054 1019">
     <span class='ocr_line' id='line_1_60' title="bbox 1112 236 2054 286; baseline 0.003 -12"><span class='ocrx_word' id='word_1_344' title='bbox 1112 248 1193 282; x_wconf 87' lang='lat' dir='ltr'>nas,</span> <span class='ocrx_word' id='word_1_345' title='bbox 1213 237 1451 283; x_wconf 86' lang='lat' dir='ltr'>Marcellam,</span> <span class='ocrx_word' id='word_1_346' title='bbox 1467 237 1678 283; x_wconf 85' lang='lat' dir='ltr'>Fabiolam,</span> <span class='ocrx_word' id='word_1_347' title='bbox 1699 236 1866 274; x_wconf 87' lang='lat' dir='ltr'>Paulam</span> <span class='ocrx_word' id='word_1_348' title='bbox 1894 236 2054 286; x_wconf 87' lang='lat' dir='ltr'>eiusque</span> 
     </span>
     <span class='ocr_line' id='line_1_61' title="bbox 1110 290 2050 339; baseline 0.003 -13"><span class='ocrx_word' id='word_1_349' title='bbox 1110 290 1229 327; x_wconf 79' lang='lat' dir='ltr'>filiani</span> <span class='ocrx_word' id='word_1_350' title='bbox 1253 291 1504 328; x_wconf 87' lang='lat' dir='ltr'>Eustochium</span> <span class='ocrx_word' id='word_1_351' title='bbox 1535 291 1582 328; x_wconf 88' lang='lat' dir='ltr'>ad</span> <span class='ocrx_word' id='word_1_352' title='bbox 1612 290 1899 339; x_wconf 86' lang='lat' dir='ltr'>suscipiendam</span> <span class='ocrx_word' id='word_1_353' title='bbox 1928 290 2050 329; x_wconf 90' lang='lat' dir='ltr'>vitam</span> 
     </span>
     <span class='ocr_line' id='line_1_62' title="bbox 1111 343 2050 392; baseline 0.004 -14"><span class='ocrx_word' id='word_1_354' title='bbox 1111 344 1365 380; x_wconf 86' lang='lat' dir='ltr'>monasticam</span> <span class='ocrx_word' id='word_1_355' title='bbox 1401 344 1594 392; x_wconf 81' lang='lat' dir='ltr'>perduxit.</span> <span class='ocrx_word' id='word_1_356' title='bbox 1625 344 1730 381; x_wconf 90' lang='lat' dir='ltr'>Idem</span> <span class='ocrx_word' id='word_1_357' title='bbox 1759 343 1982 381; x_wconf 88' lang='lat' dir='ltr'>institutum</span> <span class='ocrx_word' id='word_1_358' title='bbox 2011 346 2050 382; x_wconf 93' lang='lat' dir='ltr'>in</span> 
     </span>
     <span class='ocr_line' id='line_1_63' title="bbox 1110 396 2053 445; baseline 0.005 -14"><span class='ocrx_word' id='word_1_359' title='bbox 1110 396 1243 432; x_wconf 86' lang='lat' dir='ltr'>Africa</span> <span class='ocrx_word' id='word_1_360' title='bbox 1276 397 1470 444; x_wconf 89' lang='lat' dir='ltr'>promovit</span> <span class='ocrx_word' id='word_1_361' title='bbox 1503 409 1530 434; x_wconf 89' lang='lat' dir='ltr'>s.</span> <span class='ocrx_word' id='word_1_362' title='bbox 1567 396 1832 445; x_wconf 79' lang='lat' dir='ltr'>Augustinus,</span> <span class='ocrx_word' id='word_1_363' title='bbox 1862 397 1927 444; x_wconf 86' lang='lat' dir='ltr'>qui</span> <span class='ocrx_word' id='word_1_364' title='bbox 1956 397 2053 436; x_wconf 92' lang='lat' dir='ltr'>illud</span> 
     </span>
     <span class='ocr_line' id='line_1_64' title="bbox 1109 447 2052 495; baseline 0.005 -12"><span class='ocrx_word' id='word_1_365' title='bbox 1109 447 1210 484; x_wconf 81' lang='lat' dir='ltr'>inter</span> <span class='ocrx_word' id='word_1_366' title='bbox 1226 448 1384 486; x_wconf 78' lang='lat' dir='ltr'>clericos</span> <span class='ocrx_word' id='word_1_367' title='bbox 1400 450 1437 486; x_wconf 89' lang='lat' dir='ltr'>in</span> <span class='ocrx_word' id='word_1_368' title='bbox 1454 453 1605 487; x_wconf 84' lang='lat' dir='ltr'>tantum</span> <span class='ocrx_word' id='word_1_369' title='bbox 1622 449 1851 495; x_wconf 76' lang='lat' dir='ltr'>introduxit,</span> <span class='ocrx_word' id='word_1_370' title='bbox 1867 452 1910 487; x_wconf 90' lang='lat' dir='ltr'>ut</span> <span class='ocrx_word' id='word_1_371' title='bbox 1925 462 1988 489; x_wconf 89' lang='lat' dir='ltr'>eos</span> <span class='ocrx_word' id='word_1_372' title='bbox 2004 452 2052 489; x_wconf 90' lang='lat' dir='ltr'>ad</span> 
     </span>
     <span class='ocr_line' id='line_1_65' title="bbox 1109 502 2054 549; baseline 0.004 -12"><span class='ocrx_word' id='word_1_373' title='bbox 1109 512 1309 537; x_wconf 88' lang='lat' dir='ltr'>commune</span> <span class='ocrx_word' id='word_1_374' title='bbox 1328 502 1606 549; x_wconf 84' lang='lat' dir='ltr'>habitaculum,</span> <span class='ocrx_word' id='word_1_375' title='bbox 1620 515 1864 540; x_wconf 87' lang='lat' dir='ltr'>communem</span> <span class='ocrx_word' id='word_1_376' title='bbox 1882 515 2054 542; x_wconf 90' lang='lat' dir='ltr'>mensam</span> 
     </span>
     <span class='ocr_line' id='line_1_66' title="bbox 1107 554 2052 603; baseline 0.006 -14"><span class='ocrx_word' id='word_1_377' title='bbox 1107 555 1146 590; x_wconf 91' lang='lat' dir='ltr'>et</span> <span class='ocrx_word' id='word_1_378' title='bbox 1166 554 1383 591; x_wconf 88' lang='lat' dir='ltr'>communia</span> <span class='ocrx_word' id='word_1_379' title='bbox 1404 555 1559 603; x_wconf 86' lang='lat' dir='ltr'>pietatis</span> <span class='ocrx_word' id='word_1_380' title='bbox 1579 556 1770 594; x_wconf 82' lang='lat' dir='ltr'>exercitia</span> <span class='ocrx_word' id='word_1_381' title='bbox 1790 556 1827 593; x_wconf 91' lang='lat' dir='ltr'>in</span> <span class='ocrx_word' id='word_1_382' title='bbox 1850 567 1920 594; x_wconf 89' lang='lat' dir='ltr'>sua</span> <span class='ocrx_word' id='word_1_383' title='bbox 1940 558 2052 595; x_wconf 88' lang='lat' dir='ltr'>domo</span> 
     </span>
     <span class='ocr_line' id='line_1_67' title="bbox 1105 606 2050 658; baseline 0.006 -16"><span class='ocrx_word' id='word_1_384' title='bbox 1105 606 1175 643; x_wconf 88' lang='lat' dir='ltr'>sub</span> <span class='ocrx_word' id='word_1_385' title='bbox 1196 618 1267 643; x_wconf 90' lang='lat' dir='ltr'>sua</span> <span class='ocrx_word' id='word_1_386' title='bbox 1288 607 1499 645; x_wconf 91' lang='lat' dir='ltr'>directione</span> <span class='ocrx_word' id='word_1_387' title='bbox 1521 609 1732 658; x_wconf 71' lang='lat' dir='ltr'>collegerIt.</span> <span class='ocrx_word' id='word_1_388' title='bbox 1755 610 1798 646; x_wconf 94' lang='lat' dir='ltr'>In</span> <span class='ocrx_word' id='word_1_389' title='bbox 1817 609 1945 648; x_wconf 82' lang='lat' dir='ltr'>Gallia</span> <span class='ocrx_word' id='word_1_390' title='bbox 1963 622 2050 648; x_wconf 91' lang='lat' dir='ltr'>mo-</span> 
     </span>
     <span class='ocr_line' id='line_1_68' title="bbox 1106 660 2054 711; baseline 0.006 -16"><span class='ocrx_word' id='word_1_391' title='bbox 1106 660 1296 697; x_wconf 88' lang='lat' dir='ltr'>nasticum</span> <span class='ocrx_word' id='word_1_392' title='bbox 1318 660 1538 697; x_wconf 84' lang='lat' dir='ltr'>institutum</span> <span class='ocrx_word' id='word_1_393' title='bbox 1560 664 1825 711; x_wconf 79' lang='lat' dir='ltr'>propagarunt</span> <span class='ocrx_word' id='word_1_394' title='bbox 1842 667 2054 702; x_wconf 82' lang='lat' dir='ltr'>auxerunt-</span> 
     </span>
     <span class='ocr_line' id='line_1_69' title="bbox 1107 712 2052 763; baseline 0.006 -15"><span class='ocrx_word' id='word_1_395' title='bbox 1107 724 1180 760; x_wconf 89' lang='lat' dir='ltr'>que</span> <span class='ocrx_word' id='word_1_396' title='bbox 1201 724 1229 749; x_wconf 92' lang='lat' dir='ltr'>s.</span> <span class='ocrx_word' id='word_1_397' title='bbox 1243 712 1437 750; x_wconf 89' lang='lat' dir='ltr'>Martinus</span> <span class='ocrx_word' id='word_1_398' title='bbox 1457 714 1656 763; x_wconf 89' lang='lat' dir='ltr'>episcopus</span> <span class='ocrx_word' id='word_1_399' title='bbox 1672 716 1922 762; x_wconf 88' lang='lat' dir='ltr'>Turonensis,</span> <span class='ocrx_word' id='word_1_400' title='bbox 1934 717 2052 754; x_wconf 90' lang='lat' dir='ltr'>Ioan-</span> 
     </span>
     <span class='ocr_line' id='line_1_70' title="bbox 1108 765 2051 816; baseline 0.005 -14"><span class='ocrx_word' id='word_1_401' title='bbox 1108 777 1172 803; x_wconf 89' lang='lat' dir='ltr'>nes</span> <span class='ocrx_word' id='word_1_402' title='bbox 1193 765 1412 810; x_wconf 89' lang='lat' dir='ltr'>Cassianus,</span> <span class='ocrx_word' id='word_1_403' title='bbox 1434 766 1499 814; x_wconf 86' lang='lat' dir='ltr'>qui</span> <span class='ocrx_word' id='word_1_404' title='bbox 1522 779 1589 815; x_wconf 92' lang='lat' dir='ltr'>pro</span> <span class='ocrx_word' id='word_1_405' title='bbox 1612 771 1774 816; x_wconf 82' lang='lat' dir='ltr'>utroque</span> <span class='ocrx_word' id='word_1_406' title='bbox 1794 781 1890 806; x_wconf 83' lang='lat' dir='ltr'>sexu</span> <span class='ocrx_word' id='word_1_407' title='bbox 1911 781 2051 807; x_wconf 82' lang='lat' dir='ltr'>mona-</span> 
     </span>
     <span class='ocr_line' id='line_1_71' title="bbox 1105 818 2052 868; baseline 0.006 -13"><span class='ocrx_word' id='word_1_408' title='bbox 1105 818 1224 856; x_wconf 89' lang='lat' dir='ltr'>steria</span> <span class='ocrx_word' id='word_1_409' title='bbox 1257 819 1435 855; x_wconf 73' lang='lat' dir='ltr'>extruxit</span> <span class='ocrx_word' id='word_1_410' title='bbox 1463 819 1502 856; x_wconf 91' lang='lat' dir='ltr'>in</span> <span class='ocrx_word' id='word_1_411' title='bbox 1532 820 1672 857; x_wconf 88' lang='lat' dir='ltr'>vicinia</span> <span class='ocrx_word' id='word_1_412' title='bbox 1703 821 1911 868; x_wconf 89' lang='lat' dir='ltr'>Massiliae,</span> <span class='ocrx_word' id='word_1_413' title='bbox 1931 824 2052 861; x_wconf 73' lang='grc' dir='ltr'><strong>3.Ηο-</strong></span> 
     </span>
     <span class='ocr_line' id='line_1_72' title="bbox 1104 872 2048 920; baseline 0.006 -12"><span class='ocrx_word' id='word_1_414' title='bbox 1104 874 1262 909; x_wconf 88' lang='lat' dir='ltr'>noratus</span> <span class='ocrx_word' id='word_1_415' title='bbox 1283 872 1483 920; x_wconf 87' lang='lat' dir='ltr'>episcopus</span> <span class='ocrx_word' id='word_1_416' title='bbox 1503 873 1753 920; x_wconf 83' lang='lat' dir='ltr'>Arelatensis,</span> <span class='ocrx_word' id='word_1_417' title='bbox 1774 875 1956 913; x_wconf 82' lang='lat' dir='ltr'>fundator</span> <span class='ocrx_word' id='word_1_418' title='bbox 1979 889 2048 914; x_wconf 87' lang='lat' dir='ltr'>ce-</span> 
     </span>
     <span class='ocr_line' id='line_1_73' title="bbox 1104 925 2049 977; baseline 0.007 -16"><span class='ocrx_word' id='word_1_419' title='bbox 1104 925 1222 962; x_wconf 88' lang='lat' dir='ltr'>lebris</span> <span class='ocrx_word' id='word_1_420' title='bbox 1252 925 1477 962; x_wconf 88' lang='lat' dir='ltr'>monasterii</span> <span class='ocrx_word' id='word_1_421' title='bbox 1499 926 1736 973; x_wconf 90' lang='lat' dir='ltr'>Lirinensis,</span> <span class='ocrx_word' id='word_1_422' title='bbox 1770 939 1798 965; x_wconf 90' lang='lat' dir='ltr'>s.</span> <span class='ocrx_word' id='word_1_423' title='bbox 1827 929 2049 977; x_wconf 88' lang='lat' dir='ltr'>Romanus,</span> 
     </span>
     <span class='ocr_line' id='line_1_74' title="bbox 1104 979 1915 1019; baseline 0.005 -5"><span class='ocrx_word' id='word_1_424' title='bbox 1104 980 1242 1015; x_wconf 90' lang='lat' dir='ltr'>auctor</span> <span class='ocrx_word' id='word_1_425' title='bbox 1256 979 1582 1016; x_wconf 87' lang='lat' dir='ltr'>monasteriorum</span> <span class='ocrx_word' id='word_1_426' title='bbox 1603 980 1641 1016; x_wconf 92' lang='lat' dir='ltr'>in</span> <span class='ocrx_word' id='word_1_427' title='bbox 1662 982 1791 1018; x_wconf 87' lang='lat' dir='ltr'>monte</span> <span class='ocrx_word' id='word_1_428' title='bbox 1812 981 1915 1019; x_wconf 89' lang='lat' dir='ltr'>Iura.</span> 
     </span>
    </p>

    <p class='ocr_par' dir='ltr' id='par_1_11' title="bbox 1093 1031 2049 2187">
     <span class='ocr_line' id='line_1_75' title="bbox 1156 1031 2049 1082; baseline 0.008 -15"><span class='ocrx_word' id='word_1_429' title='bbox 1156 1031 1340 1068; x_wconf 89' lang='lat' dir='ltr'>Virorum</span> <span class='ocrx_word' id='word_1_430' title='bbox 1360 1033 1603 1069; x_wconf 87' lang='lat' dir='ltr'>monasteriis</span> <span class='ocrx_word' id='word_1_431' title='bbox 1619 1035 1750 1070; x_wconf 88' lang='lat' dir='ltr'>aetate</span> <span class='ocrx_word' id='word_1_432' title='bbox 1768 1034 1946 1082; x_wconf 89' lang='lat' dir='ltr'>aequalia</span> <span class='ocrx_word' id='word_1_433' title='bbox 1957 1038 2049 1074; x_wconf 88' lang='lat' dir='ltr'>sunt</span> 
     </span>
     <span class='ocr_line' id='line_1_76' title="bbox 1103 1084 2045 1132; baseline 0.007 -12"><span class='ocrx_word' id='word_1_434' title='bbox 1103 1085 1339 1122; x_wconf 88' lang='lat' dir='ltr'>monasteria</span> <span class='ocrx_word' id='word_1_435' title='bbox 1364 1084 1558 1132; x_wconf 86' lang='lat' dir='ltr'>virginum</span> <span class='ocrx_word' id='word_1_436' title='bbox 1588 1097 1655 1123; x_wconf 87' lang='lat' dir='ltr'>seu</span> <span class='ocrx_word' id='word_1_437' title='bbox 1684 1087 2045 1128; x_wconf 89' lang='lat' dir='ltr'>sanctimonialium.</span> 
     </span>
     <span class='ocr_line' id='line_1_77' title="bbox 1103 1137 2049 1191; baseline 0.006 -17"><span class='ocrx_word' id='word_1_438' title='bbox 1103 1138 1186 1174; x_wconf 91' lang='lat' dir='ltr'>Iam</span> <span class='ocrx_word' id='word_1_439' title='bbox 1216 1150 1238 1175; x_wconf 89' lang='lat' dir='ltr'>a</span> <span class='ocrx_word' id='word_1_440' title='bbox 1267 1137 1401 1187; x_wconf 87' lang='lat' dir='ltr'>primis</span> <span class='ocrx_word' id='word_1_441' title='bbox 1428 1138 1627 1177; x_wconf 88' lang='lat' dir='ltr'>Ecclesiae</span> <span class='ocrx_word' id='word_1_442' title='bbox 1655 1141 1894 1188; x_wconf 89' lang='lat' dir='ltr'>temporibus</span> <span class='ocrx_word' id='word_1_443' title='bbox 1921 1142 2049 1191; x_wconf 84' lang='lat' dir='ltr'>plures</span> 
     </span>
     <span class='ocr_line' id='line_1_78' title="bbox 1101 1190 2045 1245; baseline 0.005 -18"><span class='ocrx_word' id='word_1_444' title='bbox 1101 1190 1220 1228; x_wconf 82' lang='lat' dir='ltr'>fuisse</span> <span class='ocrx_word' id='word_1_445' title='bbox 1239 1190 1409 1238; x_wconf 87' lang='lat' dir='ltr'>virgines</span> <span class='ocrx_word' id='word_1_446' title='bbox 1430 1193 1469 1228; x_wconf 91' lang='lat' dir='ltr'>et</span> <span class='ocrx_word' id='word_1_447' title='bbox 1491 1192 1641 1238; x_wconf 89' lang='lat' dir='ltr'>viduas,</span> <span class='ocrx_word' id='word_1_448' title='bbox 1657 1204 1757 1242; x_wconf 90' lang='lat' dir='ltr'>quae</span> <span class='ocrx_word' id='word_1_449' title='bbox 1778 1193 1934 1232; x_wconf 89' lang='lat' dir='ltr'>maioris</span> <span class='ocrx_word' id='word_1_450' title='bbox 1954 1207 2045 1245; x_wconf 91' lang='lat' dir='ltr'>per-</span> 
     </span>
     <span class='ocr_line' id='line_1_79' title="bbox 1101 1243 2045 1296; baseline 0.006 -16"><span class='ocrx_word' id='word_1_451' title='bbox 1101 1243 1275 1281; x_wconf 84' lang='lat' dir='ltr'>fectionis</span> <span class='ocrx_word' id='word_1_452' title='bbox 1295 1244 1423 1282; x_wconf 89' lang='lat' dir='ltr'>studio</span> <span class='ocrx_word' id='word_1_453' title='bbox 1444 1245 1705 1291; x_wconf 88' lang='lat' dir='ltr'>castimoniae,</span> <span class='ocrx_word' id='word_1_454' title='bbox 1719 1246 1876 1294; x_wconf 89' lang='lat' dir='ltr'>pietatis</span> <span class='ocrx_word' id='word_1_455' title='bbox 1891 1250 1931 1285; x_wconf 91' lang='lat' dir='ltr'>et</span> <span class='ocrx_word' id='word_1_456' title='bbox 1951 1260 2045 1296; x_wconf 89' lang='lat' dir='ltr'>poe-</span> 
     </span>
     <span class='ocr_line' id='line_1_80' title="bbox 1101 1297 2046 1349; baseline 0.006 -16"><span class='ocrx_word' id='word_1_457' title='bbox 1101 1297 1289 1334; x_wconf 87' lang='lat' dir='ltr'>nitentiae</span> <span class='ocrx_word' id='word_1_458' title='bbox 1323 1297 1520 1335; x_wconf 79' lang='lat' dir='ltr'>exercitiis</span> <span class='ocrx_word' id='word_1_459' title='bbox 1558 1299 1763 1345; x_wconf 87' lang='lat' dir='ltr'>vacabant,</span> <span class='ocrx_word' id='word_1_460' title='bbox 1797 1311 1913 1349; x_wconf 89' lang='lat' dir='ltr'>seque</span> <span class='ocrx_word' id='word_1_461' title='bbox 1944 1303 2046 1339; x_wconf 88' lang='lat' dir='ltr'>totas</span> 
     </span>
     <span class='ocr_line' id='line_1_81' title="bbox 1100 1350 2048 1403; baseline 0.005 -16"><span class='ocrx_word' id='word_1_462' title='bbox 1100 1350 1253 1387; x_wconf 87' lang='lat' dir='ltr'>Christo</span> <span class='ocrx_word' id='word_1_463' title='bbox 1274 1350 1419 1398; x_wconf 88' lang='lat' dir='ltr'>virgini</span> <span class='ocrx_word' id='word_1_464' title='bbox 1440 1351 1696 1399; x_wconf 90' lang='lat' dir='ltr'>devovebant,</span> <span class='ocrx_word' id='word_1_465' title='bbox 1719 1353 1883 1390; x_wconf 88' lang='lat' dir='ltr'>Patrum</span> <span class='ocrx_word' id='word_1_466' title='bbox 1903 1354 2048 1403; x_wconf 88' lang='lat' dir='ltr'>scripta</span> 
     </span>
     <span class='ocr_line' id='line_1_82' title="bbox 1098 1404 2047 1455; baseline 0.005 -15"><span class='ocrx_word' id='word_1_467' title='bbox 1098 1404 1306 1441; x_wconf 86' lang='lat' dir='ltr'>testantur.</span> <span class='ocrx_word' id='word_1_468' title='bbox 1322 1404 1417 1441; x_wconf 89' lang='lat' dir='ltr'>Illae</span> <span class='ocrx_word' id='word_1_469' title='bbox 1434 1404 1611 1453; x_wconf 91' lang='lat' dir='ltr'>primitus</span> <span class='ocrx_word' id='word_1_470' title='bbox 1631 1406 1670 1442; x_wconf 92' lang='lat' dir='ltr'>in</span> <span class='ocrx_word' id='word_1_471' title='bbox 1691 1406 1772 1443; x_wconf 88' lang='lat' dir='ltr'>suis</span> <span class='ocrx_word' id='word_1_472' title='bbox 1791 1410 2047 1455; x_wconf 88' lang='lat' dir='ltr'>parentumve</span> 
     </span>
     <span class='ocr_line' id='line_1_83' title="bbox 1100 1456 2047 1508; baseline 0.006 -15"><span class='ocrx_word' id='word_1_473' title='bbox 1100 1456 1258 1493; x_wconf 90' lang='lat' dir='ltr'>aedibus</span> <span class='ocrx_word' id='word_1_474' title='bbox 1275 1457 1480 1505; x_wconf 81' lang='lat' dir='ltr'>degebant3</span> <span class='ocrx_word' id='word_1_475' title='bbox 1492 1469 1622 1496; x_wconf 91' lang='lat' dir='ltr'>coram</span> <span class='ocrx_word' id='word_1_476' title='bbox 1638 1459 1815 1508; x_wconf 86' lang='lat' dir='ltr'>episcopo</span> <span class='ocrx_word' id='word_1_477' title='bbox 1827 1461 2047 1499; x_wconf 87' lang='lat' dir='ltr'>castitatem</span> 
     </span>
     <span class='ocr_line' id='line_1_84' title="bbox 1099 1509 2046 1561; baseline 0.007 -16"><span class='ocrx_word' id='word_1_478' title='bbox 1099 1509 1401 1558; x_wconf 69' lang='lat' dir='ltr'>profitebantur,</span> <span class='ocrx_word' id='word_1_479' title='bbox 1421 1523 1469 1548; x_wconf 83' lang='lat' dir='ltr'>ex</span> <span class='ocrx_word' id='word_1_480' title='bbox 1489 1511 1571 1549; x_wconf 89' lang='lat' dir='ltr'>eius</span> <span class='ocrx_word' id='word_1_481' title='bbox 1592 1524 1709 1550; x_wconf 91' lang='lat' dir='ltr'>manu</span> <span class='ocrx_word' id='word_1_482' title='bbox 1730 1513 1939 1561; x_wconf 88' lang='lat' dir='ltr'>specialem</span> <span class='ocrx_word' id='word_1_483' title='bbox 1973 1515 2046 1552; x_wconf 88' lang='lat' dir='ltr'>ha-</span> 
     </span>
     <span class='ocr_line' id='line_1_85' title="bbox 1099 1562 2044 1612; baseline 0.006 -13"><span class='ocrx_word' id='word_1_484' title='bbox 1099 1562 1221 1600; x_wconf 89' lang='lat' dir='ltr'>bitum</span> <span class='ocrx_word' id='word_1_485' title='bbox 1241 1563 1503 1612; x_wconf 85' lang='lat' dir='ltr'>recipiebant,</span> <span class='ocrx_word' id='word_1_486' title='bbox 1524 1568 1564 1602; x_wconf 88' lang='lat' dir='ltr'>et</span> <span class='ocrx_word' id='word_1_487' title='bbox 1585 1565 1819 1603; x_wconf 88' lang='lat' dir='ltr'>clericorum</span> <span class='ocrx_word' id='word_1_488' title='bbox 1841 1579 1948 1605; x_wconf 90' lang='lat' dir='ltr'>more</span> <span class='ocrx_word' id='word_1_489' title='bbox 1977 1580 2044 1605; x_wconf 88' lang='lat' dir='ltr'>ee-</span> 
     </span>
     <span class='ocr_line' id='line_1_86' title="bbox 1099 1616 2043 1667; baseline 0.007 -15"><span class='ocrx_word' id='word_1_490' title='bbox 1099 1616 1305 1653; x_wconf 89' lang='lat' dir='ltr'>clesiarum</span> <span class='ocrx_word' id='word_1_491' title='bbox 1345 1617 1559 1655; x_wconf 87' lang='lat' dir='ltr'>matriculis</span> <span class='ocrx_word' id='word_1_492' title='bbox 1587 1618 1909 1667; x_wconf 89' lang='lat' dir='ltr'>inscribebantur,</span> <span class='ocrx_word' id='word_1_493' title='bbox 1941 1622 2043 1658; x_wconf 90' lang='lat' dir='ltr'>unde</span> 
     </span>
     <span class='ocr_line' id='line_1_87' title="bbox 1098 1670 2046 1717; baseline 0.006 -11"><span class='ocrx_word' id='word_1_494' title='bbox 1098 1670 1405 1716; x_wconf 73' lang='lat' dir='ltr'>ecclesiasticae,</span> <span class='ocrx_word' id='word_1_495' title='bbox 1427 1672 1466 1707; x_wconf 90' lang='lat' dir='ltr'>et</span> <span class='ocrx_word' id='word_1_496' title='bbox 1484 1673 1720 1717; x_wconf 76' lang='lat' dir='ltr'>canonicae,</span> <span class='ocrx_word' id='word_1_497' title='bbox 1737 1672 1851 1711; x_wconf 89' lang='lat' dir='ltr'>sicuti</span> <span class='ocrx_word' id='word_1_498' title='bbox 1867 1675 1915 1712; x_wconf 90' lang='lat' dir='ltr'>ab</span> <span class='ocrx_word' id='word_1_499' title='bbox 1932 1686 2046 1712; x_wconf 79' lang='lat' dir='ltr'>exer-</span> 
     </span>
     <span class='ocr_line' id='line_1_88' title="bbox 1099 1722 2038 1770; baseline 0.007 -12"><span class='ocrx_word' id='word_1_500' title='bbox 1099 1722 1200 1759; x_wconf 90' lang='lat' dir='ltr'>citiis</span> <span class='ocrx_word' id='word_1_501' title='bbox 1220 1725 1430 1770; x_wconf 75' lang='lat' dir='ltr'>ascetriae,</span> <span class='ocrx_word' id='word_1_502' title='bbox 1451 1723 1576 1762; x_wconf 89' lang='lat' dir='ltr'>dictae</span> <span class='ocrx_word' id='word_1_503' title='bbox 1592 1727 1683 1762; x_wconf 85' lang='lat' dir='ltr'>sunt</span> <span class='ocrx_word' id='word_1_504' title='bbox 1703 1723 1727 1763; x_wconf 85' lang='lat'>¹.</span> <span class='ocrx_word' id='word_1_505' title='bbox 1748 1725 1967 1765; x_wconf 90' lang='lat' dir='ltr'>Nonnullas</span> <span class='ocrx_word' id='word_1_506' title='bbox 1988 1740 2038 1765; x_wconf 82' lang='lat' dir='ltr'>ex</span> 
     </span>
     <span class='ocr_line' id='line_1_89' title="bbox 1098 1775 2036 1818; baseline 0.006 -6"><span class='ocrx_word' id='word_1_507' title='bbox 1098 1775 1153 1813; x_wconf 91' lang='lat' dir='ltr'>eis</span> <span class='ocrx_word' id='word_1_508' title='bbox 1173 1775 1251 1813; x_wconf 89' lang='lat' dir='ltr'>iam</span> <span class='ocrx_word' id='word_1_509' title='bbox 1271 1779 1361 1814; x_wconf 89' lang='lat' dir='ltr'>ante</span> <span class='ocrx_word' id='word_1_510' title='bbox 1382 1777 1581 1814; x_wconf 90' lang='lat' dir='ltr'>saeculum</span> <span class='ocrx_word' id='word_1_511' title='bbox 1602 1778 1658 1816; x_wconf 90' lang='lat' dir='ltr'>IV</span> <span class='ocrx_word' id='word_1_512' title='bbox 1678 1779 1727 1816; x_wconf 91' lang='lat' dir='ltr'>ad</span> <span class='ocrx_word' id='word_1_513' title='bbox 1754 1781 2036 1818; x_wconf 88' lang='lat' dir='ltr'>monachorum</span> 
     </span>
     <span class='ocr_line' id='line_1_90' title="bbox 1096 1830 2041 1877; baseline 0.006 -12"><span class='ocrx_word' id='word_1_514' title='bbox 1096 1830 1313 1877; x_wconf 79' lang='lat' dir='ltr'>exemplum</span> <span class='ocrx_word' id='word_1_515' title='bbox 1330 1830 1369 1866; x_wconf 88' lang='lat' dir='ltr'>in</span> <span class='ocrx_word' id='word_1_516' title='bbox 1382 1830 1606 1868; x_wconf 88' lang='lat' dir='ltr'>societatem</span> <span class='ocrx_word' id='word_1_517' title='bbox 1623 1832 1671 1869; x_wconf 91' lang='lat' dir='ltr'>ad</span> <span class='ocrx_word' id='word_1_518' title='bbox 1688 1832 1812 1869; x_wconf 90' lang='lat' dir='ltr'>vitam</span> <span class='ocrx_word' id='word_1_519' title='bbox 1829 1834 2041 1871; x_wconf 88' lang='lat' dir='ltr'>asceticam</span> 
     </span>
     <span class='ocr_line' id='line_1_91' title="bbox 1097 1881 2045 1928; baseline 0.006 -10"><span class='ocrx_word' id='word_1_520' title='bbox 1097 1881 1271 1928; x_wconf 89' lang='lat' dir='ltr'>coivisse,</span> <span class='ocrx_word' id='word_1_521' title='bbox 1286 1884 1439 1920; x_wconf 90' lang='lat' dir='ltr'>constat</span> <span class='ocrx_word' id='word_1_522' title='bbox 1467 1895 1516 1921; x_wconf 81' lang='lat' dir='ltr'>ex</span> <span class='ocrx_word' id='word_1_523' title='bbox 1544 1884 1659 1921; x_wconf 72' lang='lat' dir='ltr'>Actis</span> <span class='ocrx_word' id='word_1_524' title='bbox 1688 1885 1924 1924; x_wconf 86' lang='lat' dir='ltr'>s.Bonifacii</span> <span class='ocrx_word' id='word_1_525' title='bbox 1943 1899 2045 1924; x_wconf 91' lang='lat' dir='ltr'>mar-</span> 
     </span>
     <span class='ocr_line' id='line_1_92' title="bbox 1096 1934 2044 1988; baseline 0.006 -16"><span class='ocrx_word' id='word_1_526' title='bbox 1096 1935 1196 1984; x_wconf 79' lang='lat' dir='ltr'>tyris</span> <span class='ocrx_word' id='word_1_527' title='bbox 1212 1934 1239 1982; x_wconf 75' lang='lat'>²,</span> <span class='ocrx_word' id='word_1_528' title='bbox 1272 1936 1314 1974; x_wconf 86' lang='lat' dir='ltr'>et</span> <span class='ocrx_word' id='word_1_529' title='bbox 1341 1948 1369 1973; x_wconf 91' lang='lat' dir='ltr'>s.</span> <span class='ocrx_word' id='word_1_530' title='bbox 1387 1936 1604 1974; x_wconf 88' lang='lat' dir='ltr'>Febroniae</span> <span class='ocrx_word' id='word_1_531' title='bbox 1625 1935 1651 1975; x_wconf 83' lang='lat'>³.</span> <span class='ocrx_word' id='word_1_532' title='bbox 1684 1938 1834 1976; x_wconf 88' lang='lat' dir='ltr'>Harum</span> <span class='ocrx_word' id='word_1_533' title='bbox 1864 1940 2044 1988; x_wconf 82' lang='lat' dir='ltr'>exempla</span> 
     </span>
     <span class='ocr_line' id='line_1_93' title="bbox 1096 1988 2041 2039; baseline 0.005 -14"><span class='ocrx_word' id='word_1_534' title='bbox 1096 1988 1195 2025; x_wconf 90' lang='lat' dir='ltr'>aliae</span> <span class='ocrx_word' id='word_1_535' title='bbox 1217 1991 1375 2026; x_wconf 88' lang='lat' dir='ltr'>secutae</span> <span class='ocrx_word' id='word_1_536' title='bbox 1391 1991 1495 2036; x_wconf 74' lang='lat' dir='ltr'>sunt,</span> <span class='ocrx_word' id='word_1_537' title='bbox 1511 2002 1722 2039; x_wconf 89' lang='lat' dir='ltr'>earumque</span> <span class='ocrx_word' id='word_1_538' title='bbox 1734 2004 1917 2030; x_wconf 90' lang='lat' dir='ltr'>numerus</span> <span class='ocrx_word' id='word_1_539' title='bbox 1932 1993 2041 2030; x_wconf 90' lang='lat' dir='ltr'>brevi</span> 
     </span>
     <span class='ocr_line' id='line_1_94' title="bbox 1094 2041 2042 2087; baseline 0.006 -9"><span class='ocrx_word' id='word_1_540' title='bbox 1094 2041 1150 2079; x_wconf 89' lang='lat' dir='ltr'>ita</span> <span class='ocrx_word' id='word_1_541' title='bbox 1188 2044 1328 2079; x_wconf 91' lang='lat' dir='ltr'>auctus</span> <span class='ocrx_word' id='word_1_542' title='bbox 1368 2044 1440 2087; x_wconf 90' lang='lat' dir='ltr'>est,</span> <span class='ocrx_word' id='word_1_543' title='bbox 1471 2047 1514 2080; x_wconf 88' lang='lat' dir='ltr'>ut</span> <span class='ocrx_word' id='word_1_544' title='bbox 1544 2046 1713 2082; x_wconf 75' lang='lat' dir='ltr'>exeunte</span> <span class='ocrx_word' id='word_1_545' title='bbox 1743 2046 1899 2083; x_wconf 88' lang='lat' dir='ltr'>saeculo</span> <span class='ocrx_word' id='word_1_546' title='bbox 1920 2046 1973 2084; x_wconf 91' lang='lat' dir='ltr'>IV</span> <span class='ocrx_word' id='word_1_547' title='bbox 2004 2046 2042 2083; x_wconf 88' lang='lat' dir='ltr'>in</span> 
     </span>
     <span class='ocr_line' id='line_1_95' title="bbox 1093 2094 2037 2146; baseline 0.005 -14"><span class='ocrx_word' id='word_1_548' title='bbox 1093 2094 1250 2133; x_wconf 88' lang='lat' dir='ltr'>Oriente</span> <span class='ocrx_word' id='word_1_549' title='bbox 1267 2098 1306 2132; x_wconf 90' lang='lat' dir='ltr'>et</span> <span class='ocrx_word' id='word_1_550' title='bbox 1321 2096 1529 2134; x_wconf 90' lang='lat' dir='ltr'>Occidente</span> <span class='ocrx_word' id='word_1_551' title='bbox 1548 2097 1661 2146; x_wconf 89' lang='lat' dir='ltr'>plura</span> <span class='ocrx_word' id='word_1_552' title='bbox 1681 2101 1810 2136; x_wconf 86' lang='lat' dir='ltr'>essent</span> <span class='ocrx_word' id='word_1_553' title='bbox 1829 2100 2037 2137; x_wconf 86' lang='lat' dir='ltr'>sanctimo-</span> 
     </span>
     <span class='ocr_line' id='line_1_96' title="bbox 1094 2147 1456 2187; baseline 0.008 -3"><span class='ocrx_word' id='word_1_554' title='bbox 1094 2147 1252 2185; x_wconf 88' lang='lat' dir='ltr'>nialium</span> <span class='ocrx_word' id='word_1_555' title='bbox 1281 2149 1404 2186; x_wconf 88' lang='lat' dir='ltr'>millia</span> <span class='ocrx_word' id='word_1_556' title='bbox 1427 2148 1456 2187; x_wconf 75' lang='lat'>4.</span> 
     </span>
    </p>

    <p class='ocr_par' dir='ltr' id='par_1_12' title="bbox 1088 2202 2043 2838">
     <span class='ocr_line' id='line_1_97' title="bbox 1150 2202 2043 2254; baseline 0.007 -16"><span class='ocrx_word' id='word_1_557' title='bbox 1150 2202 1207 2238; x_wconf 84' lang='lat'>17.</span> <span class='ocrx_word' id='word_1_558' title='bbox 1230 2202 1546 2240; x_wconf 74' lang='lat' dir='ltr'>Donatistarum</span> <span class='ocrx_word' id='word_1_559' title='bbox 1564 2205 1925 2254; x_wconf 82' lang='lat' dir='ltr'>fata—Postquam</span> <span class='ocrx_word' id='word_1_560' title='bbox 1949 2206 2043 2244; x_wconf 90' lang='lat' dir='ltr'>Con-</span> 
     </span>
     <span class='ocr_line' id='line_1_98' title="bbox 1093 2255 2042 2304; baseline 0.005 -12"><span class='ocrx_word' id='word_1_561' title='bbox 1093 2255 1291 2293; x_wconf 85' lang='lat' dir='ltr'>stantinus</span> <span class='ocrx_word' id='word_1_562' title='bbox 1320 2255 1373 2293; x_wconf 83' lang='lat' dir='ltr'>M.</span> <span class='ocrx_word' id='word_1_563' title='bbox 1401 2256 1623 2304; x_wconf 89' lang='lat' dir='ltr'>pervicaces</span> <span class='ocrx_word' id='word_1_564' title='bbox 1643 2258 1867 2296; x_wconf 89' lang='lat' dir='ltr'>Donatistas</span> <span class='ocrx_word' id='word_1_565' title='bbox 1887 2259 2042 2297; x_wconf 88' lang='lat' dir='ltr'>divinae</span> 
     </span>
     <span class='ocr_line' id='line_1_99' title="bbox 1093 2308 2040 2360; baseline 0.006 -16"><span class='ocrx_word' id='word_1_566' title='bbox 1093 2308 1287 2345; x_wconf 88' lang='lat' dir='ltr'>vindictae</span> <span class='ocrx_word' id='word_1_567' title='bbox 1306 2308 1528 2358; x_wconf 88' lang='lat' dir='ltr'>reliquisset</span> <span class='ocrx_word' id='word_1_568' title='bbox 1544 2309 1570 2356; x_wconf 86' lang='lat'>⁵,</span> <span class='ocrx_word' id='word_1_569' title='bbox 1592 2310 1631 2347; x_wconf 95' lang='lat' dir='ltr'>hi</span> <span class='ocrx_word' id='word_1_570' title='bbox 1647 2323 1688 2348; x_wconf 89' lang='lat' dir='ltr'>se</span> <span class='ocrx_word' id='word_1_571' title='bbox 1703 2311 1890 2349; x_wconf 87' lang='lat' dir='ltr'>latissime</span> <span class='ocrx_word' id='word_1_572' title='bbox 1907 2324 1977 2360; x_wconf 90' lang='lat' dir='ltr'>per</span> <span class='ocrx_word' id='word_1_573' title='bbox 1992 2314 2040 2350; x_wconf 89' lang='lat' dir='ltr'>A·</span> 
     </span>
     <span class='ocr_line' id='line_1_100' title="bbox 1093 2361 2039 2413; baseline 0.005 -15"><span class='ocrx_word' id='word_1_574' title='bbox 1093 2361 1230 2399; x_wconf 89' lang='lat' dir='ltr'>fricam</span> <span class='ocrx_word' id='word_1_575' title='bbox 1252 2365 1532 2411; x_wconf 83' lang='lat' dir='ltr'>propagarunt,</span> <span class='ocrx_word' id='word_1_576' title='bbox 1548 2367 1587 2400; x_wconf 91' lang='lat' dir='ltr'>et</span> <span class='ocrx_word' id='word_1_577' title='bbox 1603 2364 1706 2401; x_wconf 90' lang='lat' dir='ltr'>mala</span> <span class='ocrx_word' id='word_1_578' title='bbox 1726 2365 1957 2413; x_wconf 87' lang='lat' dir='ltr'>gravissima</span> <span class='ocrx_word' id='word_1_579' title='bbox 1973 2366 2039 2403; x_wconf 86' lang='lat' dir='ltr'>Ca-</span> 
     </span>
     <span class='ocr_line' id='line_1_101' title="bbox 1091 2414 2037 2466; baseline 0.006 -16"><span class='ocrx_word' id='word_1_580' title='bbox 1091 2414 1242 2452; x_wconf 88' lang='lat' dir='ltr'>tholicis</span> <span class='ocrx_word' id='word_1_581' title='bbox 1262 2415 1493 2453; x_wconf 88' lang='lat' dir='ltr'>intulerunt.</span> <span class='ocrx_word' id='word_1_582' title='bbox 1514 2417 1613 2454; x_wconf 88' lang='lat' dir='ltr'>Erat</span> <span class='ocrx_word' id='word_1_583' title='bbox 1632 2417 1737 2455; x_wconf 89' lang='lat' dir='ltr'>inter</span> <span class='ocrx_word' id='word_1_584' title='bbox 1757 2430 1822 2455; x_wconf 88' lang='lat' dir='ltr'>eos</span> <span class='ocrx_word' id='word_1_585' title='bbox 1838 2430 1959 2466; x_wconf 87' lang='lat' dir='ltr'>genus</span> <span class='ocrx_word' id='word_1_586' title='bbox 1975 2419 2037 2456; x_wconf 92' lang='lat' dir='ltr'>ho-</span> 
     </span>
     <span class='ocr_line' id='line_1_102' title="bbox 1091 2468 2039 2520; baseline 0.005 -17"><span class='ocrx_word' id='word_1_587' title='bbox 1091 2468 1239 2505; x_wconf 89' lang='lat' dir='ltr'>minum</span> <span class='ocrx_word' id='word_1_588' title='bbox 1254 2480 1501 2518; x_wconf 88' lang='lat' dir='ltr'>summopere</span> <span class='ocrx_word' id='word_1_589' title='bbox 1516 2470 1791 2517; x_wconf 85' lang='lat' dir='ltr'>fanaticorum,</span> <span class='ocrx_word' id='word_1_590' title='bbox 1808 2471 1874 2519; x_wconf 90' lang='lat' dir='ltr'>qui</span> <span class='ocrx_word' id='word_1_591' title='bbox 1889 2471 2039 2520; x_wconf 85' lang='lat' dir='ltr'>origine</span> 
     </span>
     <span class='ocr_line' id='line_1_103' title="bbox 1091 2521 2034 2569; baseline 0.005 -12"><span class='ocrx_word' id='word_1_592' title='bbox 1091 2521 1239 2567; x_wconf 89' lang='lat' dir='ltr'>rustici,</span> <span class='ocrx_word' id='word_1_593' title='bbox 1260 2522 1423 2559; x_wconf 89' lang='lat' dir='ltr'>desertis</span> <span class='ocrx_word' id='word_1_594' title='bbox 1444 2523 1644 2562; x_wconf 88' lang='lat' dir='ltr'>laboribus</span> <span class='ocrx_word' id='word_1_595' title='bbox 1664 2524 1755 2569; x_wconf 87' lang='lat' dir='ltr'>suis,</span> <span class='ocrx_word' id='word_1_596' title='bbox 1775 2536 1865 2561; x_wconf 89' lang='lat' dir='ltr'>rure</span> <span class='ocrx_word' id='word_1_597' title='bbox 1885 2525 2034 2562; x_wconf 90' lang='lat' dir='ltr'>circum</span> 
     </span>
     <span class='ocr_line' id='line_1_104' title="bbox 1089 2574 2041 2625; baseline 0.004 -14"><span class='ocrx_word' id='word_1_598' title='bbox 1089 2574 1248 2622; x_wconf 88' lang='lat' dir='ltr'>tuguria</span> <span class='ocrx_word' id='word_1_599' title='bbox 1263 2576 1331 2613; x_wconf 90' lang='lat' dir='ltr'>aut</span> <span class='ocrx_word' id='word_1_600' title='bbox 1347 2575 1464 2613; x_wconf 89' lang='lat' dir='ltr'>cellas</span> <span class='ocrx_word' id='word_1_601' title='bbox 1479 2576 1717 2625; x_wconf 89' lang='lat' dir='ltr'>reliquorum</span> <span class='ocrx_word' id='word_1_602' title='bbox 1733 2577 1968 2615; x_wconf 88' lang='lat' dir='ltr'>rusticorum</span> <span class='ocrx_word' id='word_1_603' title='bbox 1979 2590 2041 2616; x_wconf 90' lang='lat' dir='ltr'>ca-</span> 
     </span>
     <span class='ocr_line' id='line_1_105' title="bbox 1089 2628 2035 2678; baseline 0.005 -14"><span class='ocrx_word' id='word_1_604' title='bbox 1089 2628 1272 2665; x_wconf 86' lang='lat' dir='ltr'>tervatim</span> <span class='ocrx_word' id='word_1_605' title='bbox 1304 2630 1577 2678; x_wconf 87' lang='lat' dir='ltr'>vagabantur,</span> <span class='ocrx_word' id='word_1_606' title='bbox 1605 2630 1768 2678; x_wconf 83' lang='lat' dir='ltr'>ideoque</span> <span class='ocrx_word' id='word_1_607' title='bbox 1794 2632 2035 2669; x_wconf 70' lang='lat' dir='ltr'>circumcel-</span> 
     </span>
     <span class='ocr_line' id='line_1_106' title="bbox 1090 2682 2038 2732; baseline 0.005 -15"><span class='ocrx_word' id='word_1_608' title='bbox 1090 2682 1217 2718; x_wconf 72' lang='lat' dir='ltr'>lienes</span> <span class='ocrx_word' id='word_1_609' title='bbox 1234 2682 1474 2720; x_wconf 87' lang='lat' dir='ltr'>dicebantur.</span> <span class='ocrx_word' id='word_1_610' title='bbox 1493 2683 1544 2720; x_wconf 92' lang='lat' dir='ltr'>Hi</span> <span class='ocrx_word' id='word_1_611' title='bbox 1556 2683 1845 2720; x_wconf 88' lang='lat' dir='ltr'>Catholicorum</span> <span class='ocrx_word' id='word_1_612' title='bbox 1860 2696 2038 2732; x_wconf 87' lang='lat' dir='ltr'>praeser-</span> 
     </span>
     <span class='ocr_line' id='line_1_107' title="bbox 1088 2733 2035 2783; baseline 0.004 -12"><span class='ocrx_word' id='word_1_613' title='bbox 1088 2733 1159 2771; x_wconf 89' lang='lat' dir='ltr'>tim</span> <span class='ocrx_word' id='word_1_614' title='bbox 1188 2734 1420 2772; x_wconf 86' lang='lat' dir='ltr'>clericorum</span> <span class='ocrx_word' id='word_1_615' title='bbox 1444 2737 1577 2773; x_wconf 88' lang='lat' dir='ltr'>domos</span> <span class='ocrx_word' id='word_1_616' title='bbox 1599 2736 1852 2783; x_wconf 87' lang='lat' dir='ltr'>diripiebant,</span> <span class='ocrx_word' id='word_1_617' title='bbox 1873 2737 1919 2775; x_wconf 92' lang='lat' dir='ltr'>iis</span> <span class='ocrx_word' id='word_1_618' title='bbox 1941 2750 2035 2775; x_wconf 87' lang='lat' dir='ltr'>ver-</span> 
     </span>
     <span class='ocr_line' id='line_1_108' title="bbox 1088 2788 2035 2838; baseline 0.005 -14"><span class='ocrx_word' id='word_1_619' title='bbox 1088 2788 1194 2834; x_wconf 91' lang='lat' dir='ltr'>bera,</span> <span class='ocrx_word' id='word_1_620' title='bbox 1216 2788 1378 2826; x_wconf 89' lang='lat' dir='ltr'>vulnera</span> <span class='ocrx_word' id='word_1_621' title='bbox 1399 2792 1438 2826; x_wconf 91' lang='lat' dir='ltr'>et</span> <span class='ocrx_word' id='word_1_622' title='bbox 1458 2800 1590 2826; x_wconf 90' lang='lat' dir='ltr'>necem</span> <span class='ocrx_word' id='word_1_623' title='bbox 1611 2789 1854 2838; x_wconf 83' lang='lat' dir='ltr'>infligebant,</span> <span class='ocrx_word' id='word_1_624' title='bbox 1875 2793 1913 2828; x_wconf 91' lang='lat' dir='ltr'>et</span> <span class='ocrx_word' id='word_1_625' title='bbox 1927 2790 2035 2829; x_wconf 86' lang='lat' dir='ltr'>insa-</span> 
     </span>
    </p>
   </div>
   <div class='ocr_carea' id='block_1_6' title="bbox 1066 2903 2033 3272">
    <p class='ocr_par' dir='ltr' id='par_1_13' title="bbox 1129 2903 1300 2934">
     <span class='ocr_line' id='line_1_109' title="bbox 1129 2903 1300 2934; baseline 0.006 -1"><span class='ocrx_word' id='word_1_626' title='bbox 1129 2903 1139 2924; x_wconf 91' lang='lat'>¹</span> <span class='ocrx_word' id='word_1_627' title='bbox 1157 2904 1194 2934; x_wconf 83' lang='lat' dir='ltr'>Cf</span> <span class='ocrx_word' id='word_1_628' title='bbox 1228 2929 1233 2934; x_wconf 89' lang='lat'>.</span> <span class='ocrx_word' id='word_1_629' title='bbox 1251 2903 1300 2934; x_wconf 63' lang='lat'>⁶24.</span> 
     </span>
    </p>

    <p class='ocr_par' dir='ltr' id='par_1_14' title="bbox 1127 2913 1871 2983">
     <span class='ocr_line' id='line_1_110' title="bbox 1127 2913 1871 2983; baseline 0.004 -8"><span class='ocrx_word' id='word_1_630' title='bbox 1127 2944 1142 2965; x_wconf 78' lang='lat'>&#39;2</span> <span class='ocrx_word' id='word_1_631' title='bbox 1158 2913 1298 2983; x_wconf 66' lang='lat' dir='ltr'>Ruiiiart,</span> <span class='ocrx_word' id='word_1_632' title='bbox 1317 2947 1400 2975; x_wconf 79' lang='lat' dir='ltr'>Acta</span> <span class='ocrx_word' id='word_1_633' title='bbox 1416 2944 1527 2976; x_wconf 75' lang='lat' dir='ltr'>Marc..</span> <span class='ocrx_word' id='word_1_634' title='bbox 1546 2953 1573 2982; x_wconf 88' lang='lat' dir='ltr'>p.</span> <span class='ocrx_word' id='word_1_635' title='bbox 1593 2943 1663 2982; x_wconf 63' lang='lat'>291,</span> <span class='ocrx_word' id='word_1_636' title='bbox 1682 2945 1729 2977; x_wconf 86' lang='lat' dir='ltr'>ed.</span> <span class='ocrx_word' id='word_1_637' title='bbox 1747 2946 1871 2978; x_wconf 81' lang='lat' dir='ltr'>Amstel.</span> 
     </span>
    </p>

    <p class='ocr_par' dir='ltr' id='par_1_15' title="bbox 1129 2984 1619 3025">
     <span class='ocr_line' id='line_1_111' title="bbox 1129 2984 1619 3025; baseline 0 -9"><span class='ocrx_word' id='word_1_638' title='bbox 1129 2986 1142 3008; x_wconf 88' lang='grc'>3</span> <span class='ocrx_word' id='word_1_639' title='bbox 1158 2987 1309 3025; x_wconf 65' lang='grc' dir='ltr'><strong>ΒοΙΙωι(1.,</strong></span> <span class='ocrx_word' id='word_1_640' title='bbox 1324 2986 1409 3017; x_wconf 77' lang='lat' dir='ltr'>Acta</span> <span class='ocrx_word' id='word_1_641' title='bbox 1427 2985 1484 3015; x_wconf 83' lang='lat' dir='ltr'>SS.</span> <span class='ocrx_word' id='word_1_642' title='bbox 1503 2984 1542 3015; x_wconf 63' lang='lat'>⁹25</span> <span class='ocrx_word' id='word_1_643' title='bbox 1559 2986 1619 3016; x_wconf 91' lang='lat' dir='ltr'>iun.</span> 
     </span>
    </p>

    <p class='ocr_par' dir='ltr' id='par_1_16' title="bbox 1066 3026 2033 3232">
     <span class='ocr_line' id='line_1_112' title="bbox 1128 3026 2033 3068; baseline 0.004 -11"><span class='ocrx_word' id='word_1_644' title='bbox 1128 3027 1141 3048; x_wconf 71' lang='lat'><em>4</em></span> <span class='ocrx_word' id='word_1_645' title='bbox 1158 3028 1309 3064; x_wconf 63' lang='lat' dir='ltr'>Cassimr,</span> <span class='ocrx_word' id='word_1_646' title='bbox 1335 3027 1382 3056; x_wconf 84' lang='lat' dir='ltr'>De</span> <span class='ocrx_word' id='word_1_647' title='bbox 1404 3026 1589 3056; x_wconf 78' lang='lat' dir='ltr'>coenobior.</span> <span class='ocrx_word' id='word_1_648' title='bbox 1609 3027 1803 3065; x_wconf 68' lang='lat' dir='ltr'>institutis,</span> <span class='ocrx_word' id='word_1_649' title='bbox 1824 3030 1947 3068; x_wconf 65' lang='lat' dir='ltr'>pallad„</span> <span class='ocrx_word' id='word_1_650' title='bbox 1964 3030 2033 3061; x_wconf 84' lang='lat' dir='ltr'>Hi-</span> 
     </span>
     <span class='ocr_line' id='line_1_113' title="bbox 1087 3068 2032 3111; baseline 0.005 -13"><span class='ocrx_word' id='word_1_651' title='bbox 1087 3068 1200 3098; x_wconf 74' lang='lat' dir='ltr'>storia</span> <span class='ocrx_word' id='word_1_652' title='bbox 1227 3068 1419 3102; x_wconf 62' lang='lat' dir='ltr'>Lamiam,</span> <span class='ocrx_word' id='word_1_653' title='bbox 1443 3068 1634 3106; x_wconf 62' lang='lat' dir='ltr'>Theodorei,</span> <span class='ocrx_word' id='word_1_654' title='bbox 1658 3069 1824 3101; x_wconf 76' lang='lat' dir='ltr'>Historia</span> <span class='ocrx_word' id='word_1_655' title='bbox 1846 3072 2032 3111; x_wconf 68' lang='lat' dir='ltr'>reliyiosa;</span> 
     </span>
     <span class='ocr_line' id='line_1_114' title="bbox 1066 3108 2032 3149; baseline 0.007 -12"><span class='ocrx_word' id='word_1_656' title='bbox 1066 3121 1068 3136; x_wconf 63' lang='lat' dir='ltr'><em>r</em></span> <span class='ocrx_word' id='word_1_657' title='bbox 1089 3111 1240 3145; x_wconf 67' lang='lat' dir='ltr'>martene,</span> <span class='ocrx_word' id='word_1_658' title='bbox 1265 3109 1313 3138; x_wconf 80' lang='lat' dir='ltr'>De</span> <span class='ocrx_word' id='word_1_659' title='bbox 1336 3108 1496 3147; x_wconf 73' lang='lat' dir='ltr'>antiquis</span> <span class='ocrx_word' id='word_1_660' title='bbox 1519 3110 1769 3142; x_wconf 76' lang='lat' dir='ltr'>monachorum</span> <span class='ocrx_word' id='word_1_661' title='bbox 1791 3113 1934 3149; x_wconf 72' lang='lat' dir='ltr'>ritibus;</span> <span class='ocrx_word' id='word_1_662' title='bbox 1959 3115 2032 3144; x_wconf 87' lang='lat' dir='ltr'>Hol-</span> 
     </span>
     <span class='ocr_line' id='line_1_115' title="bbox 1089 3149 2032 3194; baseline 0.006 -14"><span class='ocrx_word' id='word_1_663' title='bbox 1089 3155 1174 3186; x_wconf 58' lang='lat' dir='ltr'>sien„</span> <span class='ocrx_word' id='word_1_664' title='bbox 1191 3149 1302 3181; x_wconf 65' lang='lat' dir='ltr'>Codex</span> <span class='ocrx_word' id='word_1_665' title='bbox 1314 3150 1520 3187; x_wconf 69' lang='lat' dir='ltr'>reqzclarzmz</span> <span class='ocrx_word' id='word_1_666' title='bbox 1533 3153 1808 3184; x_wconf 77' lang='lat' dir='ltr'>monasticarum</span> <span class='ocrx_word' id='word_1_667' title='bbox 1821 3163 1828 3192; x_wconf 87' lang='lat'><strong>;</strong></span> <span class='ocrx_word' id='word_1_668' title='bbox 1842 3154 2032 3194; x_wconf 71' lang='lat' dir='ltr'>fle1501‚Hi-</span> 
     </span>
     <span class='ocr_line' id='line_1_116' title="bbox 1087 3191 1616 3232; baseline 0.006 -12"><span class='ocrx_word' id='word_1_669' title='bbox 1087 3191 1194 3221; x_wconf 77' lang='lat' dir='ltr'>stoire</span> <span class='ocrx_word' id='word_1_670' title='bbox 1211 3191 1267 3221; x_wconf 69' lang='lat' dir='ltr'>cles</span> <span class='ocrx_word' id='word_1_671' title='bbox 1286 3191 1414 3222; x_wconf 72' lang='lat' dir='ltr'>Ordres</span> <span class='ocrx_word' id='word_1_672' title='bbox 1430 3191 1616 3232; x_wconf 73' lang='lat' dir='ltr'>reliyieux.</span> 
     </span>
    </p>

    <p class='ocr_par' dir='ltr' id='par_1_17' title="bbox 1130 3232 1475 3272">
     <span class='ocr_line' id='line_1_117' title="bbox 1130 3232 1475 3272; baseline 0.006 -10"><span class='ocrx_word' id='word_1_673' title='bbox 1130 3233 1144 3255; x_wconf 89' lang='lat'>5</span> <span class='ocrx_word' id='word_1_674' title='bbox 1161 3233 1225 3262; x_wconf 85' lang='lat' dir='ltr'>Vid.</span> <span class='ocrx_word' id='word_1_675' title='bbox 1243 3242 1272 3272; x_wconf 89' lang='lat' dir='ltr'>p.</span> <span class='ocrx_word' id='word_1_676' title='bbox 1291 3232 1338 3263; x_wconf 81' lang='lat'>83.</span> <span class='ocrx_word' id='word_1_677' title='bbox 1471 3236 1475 3240; x_wconf 88' lang='lat'><em>&#39;</em></span> 
     </span>
    </p>
   </div>
   <div class='ocr_carea' id='block_1_7' title="bbox 1064 2368 1074 3232">
    <p class='ocr_par' dir='ltr' id='par_1_18' title="bbox 1064 2368 1074 3232">
     <span class='ocr_line' id='line_1_118' title="bbox 1064 2368 1074 3232; baseline 0 0"><span class='ocrx_word' id='word_1_678' title='bbox 1064 2368 1074 3232; x_wconf 95' lang='lat' dir='ltr'> </span> 
     </span>
    </p>
   </div>
  </div>
 </body>
</html>
