2241 3473
601 156 727 187 VSQVE
755 156 808 183 AD
835 155 1133 183 PONTIFICATVM
1161 154 1192 182 S.
1214 154 1410 183 GREGORII
1438 153 1509 181 vn.

83 227 173 276 psit,
186 223 365 272 Sergium
384 220 643 273 (Stephanum
658 219 732 270 VI)
755 222 1035 267 cunctos,quos

82 278 335 316 ordinaverat
351 275 560 312 Formosus
578 274 661 323 Pp„
674 273 796 322 gradu
815 272 1035 322 deposuisse

83 335 123 369 et
141 340 277 368 rursus
297 329 496 366 ordinasse
530 325 556 373 ¹3
577 327 648 363 hoc
669 337 762 363 vero
789 326 935 363 diserte
966 337 1035 362 ne-

86 386 156 433 gat
174 382 405 430 Sigebertus
426 380 460 421 2:
482 380 528 417 de
550 391 594 416 eo
615 379 733 416 etiam
764 378 860 415 nihil
890 378 1036 426 legitur

85 436 123 473 in
158 435 267 472 Actis
295 434 434 482 synodi
464 434 667 470 Romanae
699 432 771 467 sub
801 431 945 467 Ioanne
967 430 1037 474 IX,

82 499 181 537 quae
206 487 284 524 alia
313 485 500 535 Stephani
521 487 632 533 gesta
663 487 800 520 narrat
829 485 868 519 et
896 483 1038 530 impro-

83 541 173 586 bat3
193 542 330 577 contra
351 539 390 575 in
421 539 466 575 iis
496 537 685 586 legimus,
707 536 744 572 in
774 547 863 572 suos
892 535 1036 582 gradus

83 605 166 630 esse
187 592 408 636 restitutos,
429 590 494 639 qui
515 602 538 626 a
557 589 745 626 Formoso
765 587 935 624 ordinati
956 589 996 624 et
1015 598 1037 623 a

84 645 281 694 Stephano
310 647 460 681 temere
489 641 628 679 deiecti
658 641 818 677 fuerant
839 638 864 676 ³.
887 639 1036 687 Perpe-

86 709 172 735 ram
193 708 288 734 vero
308 695 502 733 sententia
517 693 704 742 Stephani
721 693 769 729 de
787 691 1035 729 ordinationi-

87 751 160 787 bus
180 748 356 787 Formosi
387 748 457 795 Pp.
479 749 739 794 opponeretur
760 745 844 782 RR.
868 744 1036 781 Pontifi-

89 815 179 840 cum
195 801 433 839 inerrantiae
449 800 488 836 in
507 798 732 835 dirimendis
748 797 858 834 Fidei
874 807 1040 833 morum-

87 867 163 903 que
179 853 467 897 eontroversiis3
486 851 738 888 manifestum
756 850 859 886 enim
875 853 944 894 est,
959 850 1042 886 Ste-

87 909 257 956 phanum
287 907 359 942 hac
388 905 426 941 in
455 915 497 941 re
520 915 595 940 non
615 915 663 940 ex
683 903 873 939 cathedra
893 901 1039 950 aliquid

87 960 325 997 credendum
354 956 600 1006 proposuisse
614 985 623 1001 ,
650 956 717 992 sed
738 966 786 992 ex
808 955 963 1003 privata
981 955 1041 991 ira

88 1012 334 1061 processisse,
350 1013 553 1058 praeterea
569 1008 751 1056 episcopi,
768 1008 987 1056 presbyteri
1004 1010 1042 1044 et

86 1064 230 1110 clerici,
245 1064 309 1112 qui
332 1063 414 1099 eius
434 1061 581 1110 synodo
603 1060 878 1107 interfuerant,
891 1072 951 1098 an.
965 1060 1042 1097 898

88 1118 125 1154 in
152 1117 301 1165 synodo
320 1115 392 1152 sub
413 1115 558 1151 Ioanne
579 1114 638 1151 IX
659 1114 867 1150 contestati
887 1116 991 1158 sunt,
1002 1125 1041 1150 se

86 1170 126 1206 in
141 1169 210 1207 illa
223 1180 297 1205 non
310 1168 451 1205 liberos
466 1167 531 1203 sed
549 1168 702 1203 coactos
719 1166 838 1203 fuisse
850 1179 858 1212 ;
872 1168 910 1203 et
926 1178 1043 1214 quae-

87 1220 162 1259 stio
191 1223 238 1259 de
267 1219 578 1257 ordinationibus
600 1219 778 1256 Formosi
808 1219 1043 1256 versabatur

87 1274 192 1312 circa
212 1274 306 1310 haec
325 1273 420 1310 duo:
442 1284 491 1309 an
506 1271 685 1308 Formosi
703 1267 750 1309 ad
769 1272 1041 1320 pontificatum

87 1327 277 1376 promotio
306 1325 444 1362 fuisset
473 1324 681 1369 canonica,
702 1326 742 1361 et
771 1336 819 1360 an
840 1324 1043 1373 episcopus

88 1379 284 1428 depositus
304 1378 468 1415 Ordines
490 1377 622 1414 valide
643 1376 862 1422 conferret;
883 1381 1042 1414 utrum-

87 1443 162 1480 que
177 1442 245 1480 per
260 1431 356 1468 haec
367 1433 542 1478 tempora
555 1441 631 1466 non
645 1431 732 1467 erat
746 1430 803 1467 ita
817 1429 1044 1478 eliquatum,

90 1488 134 1522 ut
161 1495 295 1521 omnes
326 1483 564 1520 unanimiter
592 1483 639 1519 de
668 1494 712 1519 eo
743 1483 956 1529 sentirent,
986 1483 1043 1519 uti

88 1539 240 1574 constat
253 1548 274 1573 e
289 1536 399 1572 libris
415 1535 577 1581 Auxilii,
606 1536 724 1572 huius
739 1535 927 1584 temporis
947 1535 1043 1573 scri-

87 1589 221 1639 ptoris.
245 1589 367 1626 Immo
383 1588 575 1637 Magister
595 1587 914 1625 Sententiarum⁴
937 1589 1045 1625 hane

89 1643 371 1691 quaestionem
392 1641 439 1678 de
458 1640 670 1679 validitate
691 1641 912 1678 huiusmodi
936 1641 1044 1678 ordi-

89 1695 295 1732 nationum
317 1696 569 1743 perplexam
590 1705 636 1730 ac
650 1704 754 1742 pene
776 1694 1040 1731 insolubilem

89 1747 316 1784 declaravit.
340 1747 458 1784 Nunc
490 1757 583 1782 vero
614 1746 822 1783 universae
843 1746 1043 1783 Ecclesiae

88 1812 225 1837 sensus
245 1802 304 1837 est
317 1829 326 1846 ,
346 1799 622 1836 Ordinationes
650 1798 872 1837 istiusmodi
892 1799 1044 1836 validas

89 1853 246 1890 omnino
265 1864 348 1890 esse
369 1852 581 1889 habendas.

142 1905 357 1954 Perperam
377 1905 497 1942 etiam
518 1904 720 1942 Ecclesiae
741 1906 952 1942 Romanae
973 1905 1045 1942 ad-

90 1958 257 1996 versarii
284 1959 464 1995 laborant
492 1958 530 1994 in
561 1958 834 2006 conquirendis
860 1969 1045 2006 quorum-

91 2011 180 2048 dam
209 2010 444 2049 Pontificum
465 2010 588 2055 vitiis,
604 2010 743 2058 hisque
764 2012 902 2048 contra
921 2010 1043 2059 ipsius

90 2063 287 2101 Ecclesiae
303 2064 512 2100 veritatem
529 2063 766 2107 obiiciendis;
778 2065 931 2100 tantum
942 2064 1043 2100 enim

93 2116 214 2167 abest,
232 2119 274 2154 ut
293 2117 340 2154 iis
368 2116 600 2153 obscuretur
621 2115 820 2153 Ecclesiae
842 2117 1043 2153 Romano-

94 2169 306 2206 catholicae
327 2170 488 2214 veritas,
504 2170 548 2205 ut
568 2169 698 2217 potius
720 2168 988 2214 confirmetur,
1006 2176 1046 2205 et

91 2221 275 2268 lucescat,
286 2222 379 2259 dum
396 2221 595 2258 Ecclesiae
611 2222 857 2258 conservatio
873 2225 911 2258 et
930 2221 1046 2259 stabi-

95 2273 186 2310 litas
214 2286 290 2311 non
318 2274 549 2323 prudentiae
579 2276 620 2311 et
647 2274 864 2322 sapientiae
894 2286 1044 2320 eorum,

95 2326 160 2373 qui
187 2326 295 2364 illam
324 2327 615 2375 gubernarunt,
637 2327 704 2363 sed
725 2327 880 2363 divinae
902 2327 1043 2364 Provi-

96 2379 250 2415 dentiae
278 2380 534 2416 adscribenda
554 2380 799 2428 conspicitur.
823 2379 1046 2427 «Quisquis

97 2431 145 2467 ab
165 2431 237 2468 hac
259 2432 423 2477 unitate,
442 2432 570 2480 inquit
589 2444 617 2469 s.
639 2432 885 2480 Augustinus
898 2462 906 2478 ,
927 2435 1044 2469 vento

95 2483 301 2531 superbiae
330 2487 530 2532 tamquam
565 2485 648 2522 sola
680 2485 793 2533 palea
827 2487 1046 2534 separatur,

94 2546 211 2573 areae
228 2535 440 2573 dominicae
451 2540 609 2585 propter
625 2539 878 2583 commixtam
893 2539 1046 2586 paleam

96 2588 188 2636 quid
217 2588 480 2625 calumniatur
497 2589 512 2626 ’Ξ
527 2589 574 2626 5»
595 2590 646 2628 Et
666 2593 710 2627 ut
729 2591 861 2628 verbis
882 2590 1042 2628 Tertul-

93 2639 188 2677 liani
206 2643 311 2678 utar:
329 2653 352 2678 «
369 2640 468 2682 Quid
489 2653 594 2690 ergo,
615 2643 645 2680 si
666 2643 884 2692 episcopus,
905 2643 936 2681 si
959 2643 1045 2680 dia-

95 2704 213 2730 conus
224 2723 232 2730 .
244 2722 270 2730 ..
287 2694 418 2741 lapsus
430 2705 453 2730 a
464 2695 604 2742 regula
621 2694 751 2741 fuerit,
764 2697 848 2733 ideo
864 2697 1045 2733 haereses

94 2745 304 2783 veritatem
325 2746 563 2783 videbuntur
578 2748 777 2785 obtinere?
794 2749 854 2786 Ex
870 2749 1046 2797 personis

94 2798 303 2846 probamus
323 2798 453 2843 fidem,
474 2810 522 2834 an
542 2811 590 2835 ex
609 2799 684 2836 fide
703 2799 940 2848 personas?6
956 2814 978 2839 »
996 2802 1046 2838 Et

93 2849 368 2888 Bellarminus:
383 2850 476 2888 «Ne
494 2850 594 2888 forte
609 2854 850 2901 putaremus,
862 2855 908 2891 ob
924 2854 1046 2892 vitam

138 2981 148 3002 ¹
165 2981 282 3013 Hislor.
301 2981 327 3012 1.
346 2981 367 3019 l,
384 2991 408 3012 c.
427 2980 456 3011 8.

137 3023 151 3044 ²
170 3021 361 3054 chronicon.

138 3064 153 3085 3
168 3064 281 3100 Labbe,
297 3063 355 3094 loc.
372 3063 426 3094 cit.

135 3104 149 3126 ⁴
165 3104 226 3134 Lib.
244 3104 403 3142 1v‚1›.25.

137 3144 152 3166 5
167 3145 197 3175 L.
214 3144 251 3175 de
266 3145 358 3175 unico
375 3144 555 3184 Raptis-mo,
573 3152 599 3173 c.
616 3141 665 3173 16.

137 3184 153 3208 6
166 3185 216 3218 De
227 3185 418 3227 praescript.
439 3194 466 3218 c.
480 3183 510 3217 3.

1895 142 1976 183 245

1077 219 1343 268 incorruptam
1365 219 1405 257 et
1419 229 1548 256 mores
1563 216 1836 266 integerrimos
1851 228 2028 255 summo-

1079 283 1166 309 rum
1187 272 1422 309 Pontificum
1443 273 1525 309 tam
1554 271 1618 308 diu
1647 270 1802 309 stetisse
1831 271 1931 308 hanc
1953 271 2030 308 Se-

1078 325 1180 370 dem,
1197 325 1371 373 permisit
1388 325 1504 370 Deus,
1521 326 1566 361 ut
1580 323 1697 361 etiam
1714 323 1873 372 quidam
1891 335 2030 372 parum

1079 378 1188 426 probi
1210 377 1422 414 Pontifices
1450 376 1658 425 aliquando
1688 377 1788 414 hanc
1809 375 1950 413 Sedem
1971 378 2032 413 te-

1079 433 1215 467 nerent
1243 433 1522 478 regerentque.
1539 458 1568 466 ..
1590 429 1692 467 Hinc
1716 428 1820 466 enim
1841 428 2033 477 intelligi-

1078 494 1187 527 muS,
1208 494 1282 519 non
1303 483 1472 519 humano
1493 482 1664 529 consilio,
1687 482 1908 531 prudentia,
1929 481 2032 519 viri-

1077 536 1150 571 bus
1171 535 1394 571 Romanum
1415 534 1691 572 Pontificatum
1711 536 1794 572 tam
1814 534 1879 572 diu
1901 534 2031 571 consi-

1079 590 1209 632 stere,
1246 587 1312 623 sed
1342 587 1431 634 quia
1460 587 1557 624 haec
1586 587 1707 624 Petra
1734 587 1790 625 ita
1817 599 1842 624 a
1868 586 2035 624 Domino

1080 640 1283 683 roborata,
1303 639 1493 676 divinitus
1514 639 1690 685 fundata,
1710 640 1940 688 angelorum
1962 650 2035 676 cu-

1080 692 1216 729 stodiis
1245 695 1377 740 septa,
1397 691 1588 740 singulari
1617 692 1686 729 Dei
1715 692 1966 741 providentia
1995 693 2035 729 et

1080 745 1321 793 protectione
1359 745 1512 781 munita
1541 747 1624 790 est,
1654 747 1697 782 ut
1728 745 1916 782 adversus
1945 755 2035 782 eam

1082 800 1217 845 portae
1255 796 1470 833 inferorum
1508 797 1614 833 nullo
1644 798 1766 844 ‚modo
1801 797 2033 846 praevalere

1082 850 1242 898 possint,
1270 849 1352 886 sive
1377 849 1455 886 illis
1474 849 1596 897 portis
1615 851 1832 898 persecutio
1851 852 2038 898 tyranno-

1082 914 1182 948 rum,
1195 901 1280 939 sive
1295 902 1424 939 rabies
1439 902 1739 949 haereticorum,
1752 903 1836 939 sive
1853 903 2036 940 schisma-

1083 955 1251 992 ticorum
1267 953 1391 1001 furor,
1411 954 1493 991 sive
1522 954 1674 992 scelera
1695 957 1736 992 et
1754 955 1907 1003 flagitia
1926 955 2037 993 desi-

1084 1010 1258 1056 gnentur
1281 1006 1290 1027 ¹
1315 1019 1351 1045 ».

1137 1061 1199 1097 67.
1214 1061 1444 1105 Romanus,
1458 1061 1660 1107 Pontifex
1675 1058 1763 1109 (an.
1781 1059 1876 1110 897)
1888 1059 2036 1097 -Sub-

1083 1113 1164 1150 lato
1184 1125 1204 1150 e
1227 1113 1327 1150 vivis
1347 1112 1546 1160 Stephano
1576 1112 1647 1156 VI,
1668 1113 1802 1149 eodem
1824 1125 1925 1150 anno
1945 1113 2038 1159 897,

1084 1169 1175 1203 ante
1197 1166 1376 1215 quintum
1397 1165 1592 1202 decimum
1617 1164 1720 1202 diem
1741 1166 1909 1203 octobris
1938 1177 2036 1214 pon-

1075 1218 1183 1256 tifex
1203 1221 1361 1256 creatus
1381 1217 1456 1254 fuit
1476 1218 1692 1264 Romanus,
1702 1218 1936 1263 Gallesinus,
1957 1220 2035 1266 qui,

1086 1272 1246 1309 Platina
1263 1301 1272 1317 ,
1306 1270 1528 1317 Panvinio,
1564 1270 1725 1319 aliisque
1758 1271 2007 1308 tradentibus
2030 1300 2040 1316 ,

1086 1327 1175 1362 acta
1196 1324 1407 1362 decessoris
1427 1323 1487 1361 sui
1507 1326 1644 1361 contra
1664 1323 1896 1361 Formosum
1916 1323 2040 1361 resci-

1086 1378 1153 1415 dit.
1176 1378 1273 1414 Post
1300 1388 1452 1413 menses
1478 1376 1560 1413 fere
1581 1377 1625 1422 4,
1645 1377 1804 1414 ineunte
1824 1387 1957 1414 mense
1977 1376 2040 1413 fe-

1086 1431 1234 1467 bruarii
1254 1430 1346 1466 anni
1362 1429 1454 1474 898,
1471 1430 1634 1466 aethere
1648 1434 1860 1477 susceptus
1875 1434 1947 1474 est,
1965 1440 2043 1466 me-

1085 1485 1187 1521 ritos
1206 1484 1379 1520 sortitus
1396 1482 1584 1528 honores,
1597 1482 1733 1519 scribit
1751 1482 1994 1519 Flodoardus
2006 1480 2034 1519 ².

1147 1536 1380 1573 Theodorus
1413 1534 1461 1572 II
1473 1534 1582 1571 —Ei
1601 1534 1792 1572 successit
1813 1535 2042 1572 Theodorus

1087 1590 1136 1635 ΙΙ,
1158 1590 1373 1633 Romanus,
1390 1599 1503 1636 quem
1522 1589 1565 1624 ut
1589 1587 1693 1624 clero
1714 1587 1916 1632 dilectum,
1934 1586 2041 1635 pacis

1086 1642 1269 1686 amicum,
1290 1641 1476 1686 sobrium,
1497 1642 1648 1677 castum
1668 1643 1709 1677 et
1729 1651 1946 1689 pauperum
1967 1651 2041 1688 pa-

1086 1698 1186 1732 trem
1203 1694 1376 1731 celebrat
1403 1693 1508 1730 idem
1523 1693 1765 1730 Flodoardus
1782 1691 1808 1730 ³.
1825 1693 1861 1730 Is
1877 1704 2036 1730 causam

1087 1747 1264 1785 Formosi
1285 1747 1406 1783 etiam
1427 1746 1630 1795 amplexus
1647 1775 1656 1793 ,
1677 1757 1818 1795 corpus
1837 1746 1922 1783 eius
1950 1756 2038 1782 eum

1086 1801 1329 1838 exultatione
1344 1800 1384 1836 in
1401 1799 1656 1848 apostolicam
1671 1799 1847 1835 tumbam
1863 1798 2042 1843 reduxit,

1087 1856 1127 1890 et
1147 1854 1346 1890 ordinatos
1367 1853 1415 1889 ab
1435 1852 1584 1897 eodem,
1602 1854 1720 1900 atque
1740 1863 1762 1889 a
1777 1851 1973 1900 Stephano
1982 1850 2038 1887 VI

1088 1907 1268 1952 deiectos,
1281 1907 1318 1943 in
1340 1905 1523 1953 pristinos
1544 1905 1690 1952 gradus
1705 1904 1877 1942 restituit
1891 1902 1918 1941 4.
1935 1903 2043 1941 Obiit

1088 1962 1173 2008 post
1192 1959 1244 1997 20
1264 1959 1347 1997 dies
1368 1958 1427 1994 sui
1448 1957 1711 2006 pontificatus.

1140 2013 1320 2050 Ioannes
1331 2010 1568 2048 IX—Tunc
1584 2011 1649 2048 alii
1663 2010 1703 2047 in
1723 2009 1948 2059 pontificem
1967 2008 2049 2046 ele-

1088 2069 1234 2114 gerunt
1261 2064 1444 2113 Sergium
1473 2063 1700 2109 diaconum,
1728 2062 1857 2112 patria
1887 2050 2046 2100 Homa-

1090 2130 1204 2164 num,
1227 2118 1292 2155 alii
1314 2119 1502 2156 Ioannem
1524 2117 1748 2163 diaconum,
1768 2115 2036 2153 Tiburtinum.

1088 2172 1138 2208 Hi
1159 2171 1478 2219 praevaluerunt.
1491 2169 1663 2218 Sergius,
1674 2170 1902 2218 priusquam
1914 2167 2040 2205 initia·

1088 2228 1210 2269 retur,
1230 2225 1358 2261 Roma
1377 2223 1513 2271 pulsus
1533 2222 1715 2259 exulavit
1735 2222 1759 2258 7
1779 2221 1900 2267 annis,
1922 2221 2039 2258 Ioan-

1088 2289 1154 2315 nes
1182 2288 1298 2321 vero,
1328 2276 1445 2313 huius
1474 2275 1641 2312 nominis
1661 2275 1737 2320 IX,
1758 2274 1942 2311 canonice
1972 2284 2039 2309 re-

1086 2329 1307 2375 nunciatus,
1327 2331 1366 2366 et
1385 2328 1564 2366 sollemni
1583 2328 1664 2365 ritu
1686 2328 1947 2371 consecratus,
1967 2325 2038 2362 Ec-

1087 2383 1227 2420 clesiae
1256 2381 1427 2430 praefuit
1451 2382 1500 2419 ab
1521 2392 1582 2418 an.
1603 2380 1680 2418 898
1703 2391 1823 2428 usque
1845 2379 1892 2416 ad
1913 2377 1990 2417 900
2010 2376 2038 2415 ⁵.

1087 2437 1123 2473 Is
1152 2439 1232 2472 tres
1253 2435 1422 2483 synodos
1442 2433 1668 2479 celebravit,
1683 2433 1751 2470 sed
1771 2433 1939 2469 duarum
1957 2433 2041 2468 tan-

1086 2493 1170 2526 tum
1190 2490 1281 2525 acta
1299 2489 1528 2535 supersunt,
1549 2487 1750 2524 Romanae
1771 2486 1810 2522 et
1828 2485 2036 2521 Ravenna-

1086 2541 1217 2579 tensis.
1234 2541 1278 2577 In
1299 2541 1476 2578 Romana
1495 2539 1682 2588 Stephani
1703 2538 1758 2575 VI
1779 2539 1868 2574 acta
1895 2538 1935 2574 et
1962 2547 2033 2584 sy-

1130 2701 1139 2722 1
1159 2693 1202 2725 De
1216 2691 1443 2724 controversiis
1459 2689 1578 2723 Christ.
1594 2689 1679 2730 fidei,
1701 2688 1795 2729 praef.
1812 2687 1842 2718 in
1860 2687 1889 2717 ll.
1915 2685 1952 2717 de
1969 2686 2037 2717 Ro-

1089 2744 1186 2767 mano
1202 2733 1329 2773 Pontis.

1131 2776 1144 2798 ἓ
1161 2776 1210 2806 De
1224 2774 1287 2807 ΗΒ.
1304 2772 1431 2813 Pontis.
1443 2774 1521 2803 inter
1534 2769 1771 2811 Scrtpconsser.
1783 2769 1853 2802 Ital.
1873 2771 1892 2801 t.
1905 2768 1956 2806 111,
1974 2776 2044 2808 par.

1090 2817 1119 2856 ἐξ,
1136 2828 1166 2855 p.
1185 2816 1253 2847 319.

1131 2859 1145 2879 3
1163 2858 1237 2888 Ibid.

1133 2899 1147 2921 4
1163 2897 1378 2933 Αυχ11.ορ.εἰῑ.
1396 2893 1535 2931 1.11,c.¹1;
1553 2894 1745 2933 sigebertus,
1759 2894 1790 2923 in
1802 2891 1924 2924 Chron.
1942 2891 1980 2922 ad
1996 2899 2048 2922 an.

1092 2939 1152 2970 903
1168 2940 1259 2974 (inter
1276 2936 1432 2975 Scriptor.
1450 2936 1526 2965 Rer.
1547 2934 1697 2966 German.
1709 2934 1856 2973 Pistorit',
1869 2934 1918 2969 Μ,
1935 2941 1965 2971 p.
1976 2930 2051 2971 805)

1096 2982 1170 3011 haec
1194 2980 1300 3009 habet:
1315 2978 1393 3007 «Hic
1414 2974 1599 3007 Theodorus
1613 2974 1646 3006 II
1659 2978 1767 3006 contra
1783 2974 1976 3014 Stephanum
1993 2973 2045 3012 Pp.

1094 3022 1240 3058 sentiens,
1263 3017 1473 3049 reconciliavit
1495 3017 1654 3047 ordinatos
1678 3025 1696 3047 a
1712 3017 1870 3053 Formoso,
1887 3022 1968 3054 quos
1982 3013 2049 3044 Ste-

1093 3063 1213 3101 phanus
1236 3068 1292 3099 per
1316 3059 1373 3089 vim
1388 3059 1503 3088 Romae
1526 3059 1627 3095 intus,
1651 3060 1681 3088 et
1703 3066 1764 3088 non
1781 3057 1854 3087 foris
1885 3054 2048 3086 exordina-

1095 3106 1181 3133 verat
1200 3126 1206 3139 ‚
1235 3110 1290 3131 nec
1317 3103 1419 3130 tamen
1448 3102 1679 3138 praesumserat
1704 3107 1758 3130 eos
1787 3098 1898 3129 iterum
1927 3103 2046 3128 conse-

1093 3152 1182 3176 crare
1196 3153 1223 3172 ».

1135 3184 1149 3206 5
1164 3181 1327 3218 Flodoard.
1344 3181 1402 3213 loc.
1420 3180 1470 3212 cit.
