2241 3473
263 133 344 172 242

207 210 470 258 contendunt,
489 211 555 248 sed
589 222 620 248 s.
650 210 806 258 Ignatio
834 222 918 249 esse
940 211 1170 260 adscriben-

208 263 298 300 dam
311 292 321 309 ,
341 275 362 300 e
381 263 644 300 monumentis
672 263 870 302 historicis
889 264 1108 302 certissime
1128 277 1170 302 e-

208 316 378 353 vincitur
400 315 425 353 ¹.

260 368 324 405 63.
347 368 545 404 Marinus
565 369 765 417 Pontifex
786 367 875 419 (au.
892 369 1168 419 882)—Ioan·

208 433 256 457 ne
277 422 348 467 Pp.
371 420 481 465 VIII,
503 431 564 457 an.
586 420 676 465 882,
697 422 820 458 xva
842 423 913 460 cal.
935 422 1085 460 ianuar.
1107 423 1170 460 de-

209 473 357 518 functo,
377 473 450 509 sub
478 473 632 510 exitum
663 474 881 512 decembris
902 477 949 512 ad
972 487 1168 512 summum

207 525 475 574 pontificatum
493 528 654 563 evectus
670 526 746 564 fuit
761 528 952 574 Marinus,
963 528 1169 574 Etruscus,

208 590 231 614 a
251 577 440 626 sequioris
470 578 560 615 aevi
588 579 844 628 scriptoribus
871 581 998 618 dictus
1027 581 1168 619 Marti-

209 642 281 668 nus
295 659 303 675 ,
333 633 450 667 antea
470 631 519 668 R.
540 631 742 670 Ecclesiae
762 634 1074 679 archidiaconus,
1096 635 1169 671 sub

202 682 366 721 Nicolao
387 683 429 728 I,
445 684 646 722 Hadriano
672 686 708 723 II
729 688 768 723 et
788 687 933 724 Ioanne
949 687 1047 724 VIII
1068 687 1170 736 lega-

205 736 376 774 tionibus
406 736 784 787 Constantinopolim
814 742 952 777 contra
981 740 1168 777 Photium

204 788 355 826 invicta
381 791 604 828 constantia
622 791 793 830 functus.
816 793 911 830 Eius
933 792 1168 830 electionem

205 841 301 880 vitio
330 841 474 880 factam
506 842 638 891 fuisse,
659 846 862 882 contendit
887 846 1070 890 Basilius,
1090 846 1169 882 im-

203 896 364 943 perator
392 895 651 943 Graecorum,
671 897 711 934 in
737 898 903 947 epistola
924 900 972 936 ad
993 898 1168 936 Hadria-

203 959 297 984 num
326 948 404 994 ΙΙΙ,
433 948 582 986 Marini
610 963 891 998 successorem,
920 952 1021 1000 quod
1051 954 1169 989 antea

204 1000 366 1038 alterius
397 1001 589 1040 ecclesiae
617 1004 846 1053 episcopus,
876 1005 925 1041 ad
946 1006 1167 1042 Romanam

203 1065 280 1090 non
311 1054 498 1102 potuisset
526 1056 757 1104 transferri;
788 1058 855 1095 sed
876 1058 1098 1106 Stephanus
1119 1058 1167 1104 V,

202 1106 396 1144 Hadriani
410 1120 628 1156 successor,
637 1110 698 1147 eui
711 1110 876 1158 epistola
887 1111 963 1148 ista
975 1112 1068 1148 data
1080 1111 1169 1156 fuit,

201 1159 432 1208 imperatori
461 1173 603 1210 graeco
633 1164 835 1211 respondit
850 1193 859 1209 ,
879 1164 1002 1212 primo
1024 1163 1165 1201 falsum

203 1224 300 1260 esse,
310 1214 512 1252 Marinum
529 1220 649 1253 antea
665 1215 784 1254 fuisse
800 1217 964 1254 alterius
978 1217 1168 1254 ecclesiae

201 1266 446 1315 episcopum3
479 1268 630 1315 deinde,
651 1270 844 1307 maiorum
866 1271 1105 1308 auctoritate
1127 1272 1167 1307 et

203 1320 396 1369 exemplis
416 1322 605 1368 ostendit,
627 1323 742 1370 quod,
763 1323 919 1360 etiamsi
939 1323 996 1360 ita
1016 1322 1167 1368 fuisset,

203 1372 302 1409 nihil
329 1374 472 1411 exinde
502 1378 639 1412 contra
667 1376 887 1424 legitimam
917 1376 1064 1413 Marini
1083 1376 1167 1413 ele-

202 1425 372 1462 ctionem
396 1428 540 1464 deduei
571 1430 729 1476 poterat
749 1427 776 1466 ².
807 1429 957 1466 Mirum
986 1441 1064 1465 non
1094 1432 1165 1473 est,

201 1477 406 1526 Basilium,
424 1481 566 1518 Photio
588 1481 801 1527 addictum,
818 1482 996 1530 arguisse
1018 1482 1166 1519 Marini

200 1530 444 1580 electionem,
460 1545 582 1582 quum
593 1534 666 1571 'hic
682 1535 868 1572 Pontifex
885 1547 987 1572 novo
1009 1536 1168 1572 anathe-

202 1586 308 1622 mate
328 1587 546 1634 perculerit
563 1587 759 1625 Photium.
777 1588 917 1625 Brevis
936 1588 1014 1625 fuit
1034 1588 1167 1637 ponti-

204 1637 345 1675 ficatus
365 1639 512 1677 Marini
534 1652 594 1678 an.
615 1641 693 1678 884
715 1640 891 1678 defuncti
912 1639 938 1679 ³.
1146 1664 1153 1671 ·

254 1691 505 1731 Hadrianus
520 1694 652 1731 ΙΙΙ-
668 1694 868 1732 Successit
888 1694 923 1731 ei
940 1694 1168 1732 Hadrianus

199 1743 272 1791 ΠΙ,
284 1745 619 1793 Romanus,exitu
636 1747 777 1785 mensis
794 1748 887 1785 maii
906 1747 1085 1785 eiusdem
1101 1760 1165 1786 an.

201 1796 292 1835 884.
314 1798 431 1836 Hunc
451 1798 600 1837 frustra
620 1801 791 1838 tentavit
811 1801 1028 1850 imperator
1057 1812 1167 1849 grae-

201 1862 284 1896 cus,
301 1854 344 1888 ut
364 1853 549 1890 Photium
569 1853 609 1890 in
630 1853 832 1892 Ecclesiae
852 1854 1165 1892 communionem

201 1904 411 1952 reciperet3
422 1905 561 1944 firmus
572 1907 684 1944 stetit
696 1907 937 1945 Hadrianus.
948 1908 1056 1945 Idem
1068 1908 1169 1945 Pon-

202 1957 301 1994 tifex
323 1959 534 2007 abrogasse
556 1960 700 1998 dicitur
720 1961 923 1999 decretum
940 1961 1106 2009 Eugenii
1127 1962 1166 1999 II

202 2010 248 2048 de
263 2010 485 2059 legatorum
502 2013 770 2061 imperialium
785 2014 1010 2062 praesentia
1025 2014 1064 2051 in
1081 2026 1168 2051 con-

203 2064 424 2102 secratione
449 2066 497 2103 R.
520 2066 726 2104 Pontificis
745 2066 773 2105 ⁴.
795 2067 946 2105 Verum
963 2067 1055 2104 dum
1077 2079 1167 2116 pro-

201 2118 292 2166 pter
310 2118 498 2166 pietatem
522 2130 634 2156 suam
653 2122 692 2157 et
708 2120 764 2157 rei
782 2120 1071 2158 ecclesiasticae
1088 2122 1168 2158 stu-

201 2170 309 2207 dium
327 2171 506 2209 omnibus
523 2183 756 2219 magnarum
780 2185 914 2211 rerum
931 2185 1039 2223 spem
1061 2173 1167 2211 face-

200 2231 263 2260 ret
281 2253 290 2270 ,
319 2223 446 2261 altero
476 2225 727 2273 pontificatus
755 2227 815 2263 sui
837 2239 940 2264 anno
965 2227 1045 2264 885
1064 2239 1168 2264 men-

200 2288 241 2314 se
261 2277 473 2325 septembri
494 2282 620 2315 morte
640 2282 876 2328 praereptus
896 2282 967 2317 est.

253 2329 495 2379 Stephanus
518 2331 799 2378 V—Eum,sub
820 2333 937 2370 finem
953 2333 1048 2370 dicti
1066 2345 1168 2370 men-

200 2382 274 2429 sis,
293 2395 446 2421 summo
467 2384 666 2422 Ecclesiae
687 2386 878 2433 regimine
900 2386 1056 2434 excepit
1076 2386 1166 2423 Ste-

202 2437 357 2484 phanus
376 2437 426 2482 V,
448 2437 664 2484 Romanus,
687 2439 894 2487 presbyter
913 2439 969 2476 IV
997 2439 1166 2476 Corona-

199 2491 349 2535 torum,
371 2489 548 2539 illudque
579 2491 700 2537 gessit
721 2504 842 2539 usque
864 2492 911 2528 ad
934 2504 996 2529 an.
1019 2493 1108 2529 891.
1132 2493 1168 2529 Is

200 2542 400 2591 Pontifex,
421 2544 646 2582 inconsultu
668 2545 797 2583 Caroli
820 2545 948 2582 Crassi
971 2557 1168 2583 eonsecra—

244 2662 253 2683 1
272 2663 291 2693 l.
309 2663 338 2692 S.
356 2662 538 2699 Assemmi,
554 2661 675 2702 Oriqin.
692 2661 765 2694 eccl.
784 2661 912 2692 ιςίαυοη,
931 2665 1010 2700 part.
1028 2662 1076 2697 11,
1095 2671 1121 2691 ο.
1139 2662 1166 2698 1,

202 2705 233 2735 in
261 2703 466 2734 (Jalendariz's
489 2703 579 2735 Eccl.
605 2704 701 2742 univ„
720 2714 748 2743 p.
764 2703 838 2740 ⁶327;
863 2703 999 2734 Bolland.
1021 2704 1069 2745 De
1091 2712 1168 2733 enti*-

202 2755 346 2776 versmne
363 2747 393 2776 el
409 2744 471 2784 fide
486 2744 666 2776 Itu-ssorum
679 2746 880 2781 Dissertatio,
898 2745 928 2774 in
945 2747 1013 2775 Act.
1029 2743 1083 2773 δ’δ’.
1103 2749 1122 2774 l.
1143 2745 1167 2775 ΙΙ

200 2790 297 2825 sept.;
314 2787 333 2816 l.
348 2786 524 2824 viem-delli,
543 2786 733 2818 Dissertatio
757 2787 796 2817 cle
819 2786 945 2824 armine
967 2785 1168 2817 christianae

200 2827 380 2867 Reliqtoms
397 2828 429 2858 in
448 2827 572 2865 [tus-sict,
590 2829 708 2858 nomae
727 2827 817 2862 1820,
830 2828 858 2857 in
877 2828 922 2857 8⁰.

239 2869 254 2890 2
273 2870 359 2907 Apud
379 2869 493 2906 Labbe,
514 2869 634 2900 concil.
654 2873 673 2900 t.
693 2871 741 2907 lx,
759 2879 787 2908 p.
805 2868 876 2899 3ssst
1138 2909 1143 2914 .

242 2911 256 2931 ³
272 2911 414 2940 Nonnulli
439 2912 635 2941 coniecturas
654 2910 767 2948 secuti,
786 2911 937 2941 Marinum
960 2917 1067 2938 mense
1084 2917 1166 2938 niam

202 2952 264 2982 vita
284 2953 430 2989 sunctum,
448 2961 634 2989 perannum
653 2956 681 2983 et
699 2961 820 2983 menses
836 2953 970 2992 quinque
987 2950 1163 2980 Pontificem

204 2994 298 3024 fuisse
315 2993 500 3023 existimant.

239 3035 253 3056 ⁴
273 3035 550 3072 1›1a1ina,‹;ia‹:0n.‚
571 3034 658 3066 l'ime
674 3033 882 3074 ultroneis,
900 3032 1085 3065 Hadrianus
1104 3032 1164 3069 ΙΙΙ,·

202 3076 287 3114 l'agi,
309 3074 432 3106 Criliea
460 3075 497 3105 ad
523 3086 571 3106 an.
590 3077 659 3107 885.
680 3078 717 3107 (21'
730 3086 757 3115 p.
779 3076 849 3106 22⁶2.
866 3076 1012 3113 Sigonius
1029 3075 1096 3110 (De
1112 3073 1168 3104 lie-

199 3126 262 3155 (Jnn
288 3116 400 3146 ltaliam
423 3117 442 3147 Ι.
460 3117 490 3153 V,
508 3117 546 3146 acl
567 3127 614 3148 an,
633 3117 704 3154 884,
722 3127 748 3156 p.
768 3117 839 3153 ⁶221.)
858 3117 976 3147 sulum:
996 3127 1013 3143 «
1030 3116 1164 3146 Alterum

202 3158 359 3188 decretum
377 3167 433 3196 pro
451 3158 601 3195 dignitate
619 3159 724 3189 ltaliae
750 3159 821 3189 fecit
840 3159 1025 3193 Hadrianus,
1049 3160 1079 3187 ul
1098 3166 1164 3187 nio-

203 3198 301 3229 rienlc
321 3200 404 3237 Rege
421 3201 533 3229 Crasso
550 3201 616 3231 sine
633 3201 713 3237 sniis,
730 3201 869 3238 Regnum
887 3199 1000 3231 ltalicis
1018 3199 1164 3238 Principi-

201 3240 259 3271 bus
278 3250 337 3271 una
355 3249 424 3271 cum
441 3240 530 3272 tilulo
547 3242 670 3281 Imperii
688 3241 864 3273 traderetur
881 3253 907 3272 n.

919 146 1082 174 EPOCHA.
1109 147 1164 174 VI.
1198 147 1226 174 A
1254 148 1413 176 CAROLO
1442 149 1487 177 M.

1215 214 1281 251 tus
1299 213 1325 261 ¹,
1354 215 1403 251 ad
1431 215 1661 263 petulandas
1688 215 1862 264 litteras,
1890 228 1986 266 quas
2005 217 2176 258 Basilius

1215 265 1431 315 imperator
1443 267 1683 306 Graecorum
1699 269 1747 306 ad
1760 270 2004 308 Hadrianum
2019 271 2077 308 III
2087 272 2176 309 scri-

1215 321 1358 367 pserat,
1380 320 1580 368 egregiam
1610 321 1817 369 epistolam
1836 323 2019 369 reddidit,
2039 324 2080 359 in
2099 336 2177 372 qua

1216 372 1410 420 exposuit,
1427 373 1668 421 imperatori,
1687 385 1819 411 rerum
1841 376 2122 424 temporalium,
2138 379 2179 414 et

1215 424 1394 462 civilium
1414 437 1532 463 curae
1552 425 1751 475 praefecto
1771 427 1927 464 nullum
1943 441 2026 466 esse
2042 429 2104 466 ius
2124 429 2176 466 di-

1217 478 1409 525 sponendi
1439 490 1502 516 res
1523 479 1747 527 spirituales
1768 491 1988 528 sacrasque,
2009 482 2177 520 Pontifi-

1215 542 1304 567 cum
1326 531 1429 568 euris
1449 532 1692 578 eommissas;
1713 533 1868 569 monuit
1885 533 2177 582 imperatorem,

1215 595 1262 620 ne
1279 595 1394 621 aures
1411 586 1618 633 praeberet
1636 584 1830 631 perversis
1847 586 1977 622 Photii
1992 587 2176 635 consiliis3

1215 639 1421 683 praeterea
1437 637 1659 674 confutavit
1674 649 1732 682 ea,
1745 649 1844 685 quae
1855 638 2024 676 Basilius
2039 643 2177 678 eontra

1214 689 1492 727 Pontificatum
1504 690 1648 727 Marini
1661 690 1873 736 obiecerat,
1887 694 1931 728 ut
1945 703 2065 740 supra
2079 692 2176 730 dixi-

1217 754 1314 780 mus.
1332 743 1538 780 Pontificis
1567 743 1794 792 epistolam,
1823 743 1970 781 Basilio
1999 745 2174 783 calendis

1216 795 1347 832 martii
1363 796 1440 833 886
1457 798 1625 841 mortuo,
1642 796 1793 844 accepit
1808 796 1913 834 filius
1933 797 2017 835 eius
2033 800 2072 835 et
2087 810 2174 835 sut>

1213 859 1343 885 cessor
1363 849 1442 886 Leo
1462 849 1533 896 VI,
1553 850 1787 898 cognomine
1807 849 1972 896 Sapiens
1991 861 2062 887 seu
2081 851 2174 899 phi-

1213 901 1423 949 losophus,
1453 902 1545 950 qui,
1575 902 1725 939 deiecto
1761 902 1902 939 Photio
1921 932 1931 949 ,
1959 903 2006 940 ad
2042 904 2177 941 sedem

1214 953 1518 1002 patriarchieam
1549 955 1794 992 evehendum
1823 955 1980 993 curavit
2004 955 2176 1004 Stepha-

1215 1018 1321 1052 num,
1338 1007 1503 1044 fratrem
1526 1019 1652 1045 suum.
1671 1005 1771 1047 Cum
1793 1019 1888 1045 vero
1907 1008 1999 1045 huic
2019 1009 2177 1048 ordina·

1214 1059 1310 1096 tioni
1333 1061 1521 1105 obstaret,
1538 1061 1641 1108 quod
1658 1061 1881 1108 Stephanus
1901 1061 2078 1099 ordinem
2098 1062 2177 1100 dia-

1214 1115 1378 1150 conatus
1407 1114 1625 1162 accepisset
1654 1127 1676 1150 a
1705 1114 1868 1160 Photio,
1896 1114 2111 1162 imperator
2139 1117 2179 1153 et

1214 1165 1410 1214 episcopi,
1441 1167 1544 1204 datis
1574 1167 1623 1204 ad
1653 1167 1895 1215 Stephanum
1924 1167 1996 1216 Pp,
2018 1167 2177 1215 litteris,

1215 1223 1423 1267 rogarunt,
1441 1224 1484 1257 ut
1499 1219 1761 1257 infractorum
1779 1219 1817 1256 in
1833 1219 2076 1257 ordinatione
2092 1221 2175 1258 Ste-

1214 1272 1336 1320 phani
1367 1284 1563 1310 canonum
1585 1274 1744 1310 veniam
1764 1273 2010 1310 concederet.
2031 1273 2175 1311 Ponti-

1214 1325 1296 1371 fex,
1319 1338 1365 1362 ne
1386 1327 1458 1363 sibi
1479 1327 1748 1375 obreperetur,
1773 1326 1939 1374 petitam
1970 1325 2176 1375 dispensa-

1216 1379 1364 1415 tionem
1387 1380 1556 1426 distulit,
1575 1379 1813 1428 rogavitque
1833 1379 1939 1424 illos,
1960 1381 2007 1416 ut
2024 1380 2178 1429 legatos

1217 1432 1387 1469 Romam
1409 1432 1627 1478 mitterent,
1647 1432 1715 1481 qui
1736 1432 1791 1468 rei
1812 1431 2023 1469 veritatem
2043 1432 2179 1482 aperi-

1217 1487 1321 1522 rent.
1339 1485 1390 1522 Hi
1410 1485 1533 1533 legati
1553 1487 1721 1523 Romam
1742 1487 1950 1530 venerunt,
1971 1485 2178 1533 pontifica-

1212 1540 1296 1574 tum
1319 1544 1484 1586 gerente
1504 1539 1710 1584 Formoso,
1728 1540 1772 1575 ut
1790 1537 1895 1575 infra
1914 1538 2149 1576 videbimus.

1268 1591 1332 1628 64.
1354 1592 1516 1629 Rerum
1536 1597 1673 1629 status
1704 1592 1750 1628 in
1773 1591 2049 1628 Oeez'dente—
2064 1592 2176 1629 Inte-

1216 1643 1290 1680 rim
1308 1655 1445 1682 rerum
1462 1648 1589 1683 status
1605 1645 1644 1682 in
1666 1644 1801 1683 multis
1818 1643 2042 1682 Occidentis
2057 1645 2189 1693 regio<

1218 1697 1335 1735 nibus
1357 1698 1473 1736 valde
1494 1698 1750 1747 perturbatus
1771 1700 1869 1734 erat.
1886 1697 2078 1734 Saraceni
2097 1698 2180 1736 Ita-

1216 1749 1321 1797 liam,
1335 1751 1558 1789 Normanni
1580 1751 1741 1797 Gallias,
1756 1750 1856 1787 Dani
1871 1750 2056 1799 Angliam
2078 1750 2180 1788 infe-

1213 1804 1383 1842 stabant.
1414 1805 1511 1843 Post
1543 1804 1728 1842 Carolum
1768 1803 1978 1850 Crassum,
2008 1815 2071 1841 an.
2099 1803 2178 1840 888

1212 1860 1345 1895 mortu
1354 1870 1432 1904 um,
1444 1859 1486 1896 in
1504 1857 1719 1895 Germania
1735 1857 1920 1904 regnavit
1931 1854 2174 1905 Arnulphus.

1212 1910 1256 1946 In
1286 1911 1404 1948 Italia
1426 1912 1473 1948 de
1504 1923 1623 1958 regno
1644 1910 1943 1958 Longobardico
1970 1911 2178 1947 certarunt

1212 1964 1481 2013 Berengarius
1510 1963 1688 2001 marchio
1713 1961 1976 2000 Foroiulienis
1995 1965 2036 2000 et
2053 1962 2175 2012 Wido

1212 2016 1293 2054 dux
1315 2018 1564 2066 Spoletanus.
1590 2017 1795 2054 Posterior
1815 2015 2052 2064 praevaluit,
2073 2015 2177 2052 devi-

1212 2072 1352 2118 ctoque
1373 2071 1616 2120 Berengario
1637 2069 1764 2120 (891),
1784 2069 1969 2106 hortante
1990 2068 2176 2106 universa

1212 2124 1328 2161 Italia
1345 2154 1353 2170 ,
1375 2124 1526 2162 Romae
1546 2137 1570 2162 a
1589 2124 1792 2171 Stephano
1812 2122 1882 2170 Pp.
1904 2121 1941 2159 V
1960 2121 2176 2170 imperator

1212 2179 1423 2215 coronatus
1445 2181 1524 2222 est,
1545 2180 1584 2214 et
1603 2177 1643 2213 in
1665 2175 1768 2225 grati
1790 2175 1911 2212 animi
1932 2174 2091 2223 signum
2113 2174 2175 2212 do-

1214 2230 1415 2276 nationes,
1447 2242 1471 2267 a
1500 2230 1638 2279 Pipino
1668 2229 1834 2276 aliisque
1863 2227 2104 2277 principibus
2125 2228 2174 2266 R.

1215 2283 1418 2320 Ecclesiae
1439 2283 1566 2320 factas
1587 2312 1595 2327 ,
1617 2281 1869 2319 confirmavit
1888 2279 1916 2318 2.

1265 2336 1507 2373 Francorum
1529 2347 1600 2372 rex
1625 2334 1774 2372 electus
1794 2335 1834 2371 et
1853 2346 1872 2371 a
1897 2333 2099 2381 XValtero,
2119 2345 2178 2371 ar-

1212 2389 1457 2437 chiepiscopo
1473 2388 1701 2433 Senoncnsi,
1719 2390 1898 2424 sacratus
1916 2387 1991 2424 suit
2003 2384 2101 2433 Odo,
2118 2398 2177 2424 co-

1212 2453 1293 2478 mes
1315 2442 1562 2487 Paris-iensis,
1580 2442 1646 2489 qni
1667 2453 1728 2478 an.
1746 2441 1824 2477 888
1844 2439 2034 2488 insignem
2056 2440 2176 2477 victo-

1213 2495 1312 2531 riam
1339 2495 1473 2532 retulit
1493 2496 1540 2532 de
1561 2494 1798 2532 Normannis
1823 2494 1872 2530 ad
1895 2496 2067 2531 montem
2083 2492 2174 2530 Fal-

1212 2560 1347 2585 conem
1387 2560 1507 2597 prope
1536 2548 1759 2593 Lutetiam,
1786 2546 2007 2595 profligatis
2035 2558 2173 2584 eorum

1215 2601 1369 2645 19,()()().
1393 2601 1555 2638 Biennio
1577 2603 1661 2649 post
1678 2601 1839 2645 Alanus,
1856 2600 1935 2637 dux
1952 2599 2173 2646 Britonum,

1214 2657 1327 2691 tauta
1356 2654 1467 2691 clade
1488 2655 1622 2692 affecit
1641 2653 1901 2699 Normannos,
1924 2655 1966 2691 ut
1988 2665 2008 2689 e
2031 2652 2174 2698 15‚000

1214 2707 1279 2744 vix
1303 2708 1380 2745 ί100
1402 2708 1551 2745 suerint
1567 2706 1809 2755 superstites.
1821 2707 1935 2745 Anno
1951 2708 2081 2743 autem
2094 2704 2173 2742 893

1215 2760 1330 2797 multi
1350 2772 1531 2809 proceres
1547 2762 1595 2797 ad
1612 2771 1778 2807 regnum
1797 2760 2043 2797 advocarunt
2059 2758 2173 2795 Caro-

1213 2813 1290 2850 lum
1322 2814 1574 2862 Simplieem,
1605 2813 1791 2851 Ludovici
1818 2811 1931 2850 Balbi
1960 2811 2083 2849 filium
2105 2822 2170 2859 po-

1213 2867 1412 2904 sthumum
1426 2897 1435 2913 ,
1455 2868 1522 2915 qui
1544 2879 1633 2904 cuni
1655 2868 1781 2904 matre
1801 2876 1873 2902 sua
1892 2865 2105 2901 transierat
2132 2863 2171 2900 in

1214 2920 1401 2965 Angliani
1418 2950 1426 2966 ,
1452 2932 1621 2969 eumque
1648 2930 1780 2968 regem
1803 2917 2008 2954 coronavit
2028 2916 2171 2963 Fulco,

1213 2974 1535 3022 archiepiscopus
1555 2971 1801 3010 Rhemensis.
1824 2970 1918 3007 Inde
1943 2969 2090 3007 bellum
2110 2969 2170 3006 ci-
2204 2995 2211 3001 -

1213 3026 1288 3063 vile
1310 3026 1413 3064 inter
1433 3028 1610 3065 Odoncm
1631 3029 1672 3064 et
1692 3023 2074 3074 Carolun1.„D01num
2095 3034 2171 3061 an-

1250 3155 1263 3217 ‘12
1279 3157 1494 3236 :igoiiiiiismlw
1511 3204 1608 3236 reque
1624 3194 1750 3232 ltaliae,
1764 3193 1781 3224 l.
1801 3193 1849 3230 w,
1865 3191 1905 3223 ad
1922 3200 1971 3224 an.
1989 3189 2065 3230 891;
2081 3189 2171 3231 Pagi,

1213 3239 1336 3272 Critica
1353 3240 1392 3271 ad
1410 3249 1458 3270 an.
1476 3237 1544 3269 892.
