2241 3473
191 117 272 160 262

661 146 667 152 ·
708 132 878 160 EPOCHA
897 130 970 158 XII.
994 131 1022 157 A
1043 131 1210 161 LITIBVS
1229 132 1534 162 IANSENISTICIS

136 205 256 243 ionici
283 216 385 241 anno
415 203 505 240 1726
531 203 571 238 in
597 202 766 239 comitiis
795 202 1089 239 Grodnensibus
1140 213 1213 249 que
1251 202 1558 239 communicatio
1595 202 1834 251 interrupta.
1862 204 1960 242 Cum
2001 205 2087 243 RR.

134 271 239 296 nova
264 259 327 295 lex
351 258 503 294 sancita
526 257 679 300 fuisset,
706 256 843 292 nuntio
870 255 1088 302 apostolico
1140 255 1354 292 Pontifices
1371 284 1380 299 ,
1407 255 1575 292 durante
1610 255 1831 302 discordia,
1869 269 1937 294 eos
1956 287 1964 302 ,
1996 270 2093 306 quos

133 313 342 349 Vincentio
371 310 550 347 Santinio
577 315 616 346 et
643 309 901 345 iurisdictioni
921 310 1086 356 Aposto-

133 367 232 403 licae
260 365 465 407 iniuriosa,
495 363 543 399 ad
571 363 877 411 propulsandam
902 361 1085 398 iniuriam

132 425 172 456 et
186 419 326 455 litteris
341 422 380 455 et
393 417 644 464 ablegatione
659 416 983 453 extraordinaria
992 427 1086 451 usus

132 476 203 508 est.
231 472 386 507 Monita
412 471 495 507 eius
521 471 753 513 effecerunt,
781 474 824 506 ut
852 481 923 506 rex
949 474 989 505 et
1013 469 1086 504 Or-

130 525 240 561 dines
267 525 423 572 quidem
451 536 475 560 a
501 524 600 571 legis
626 524 862 560 executione
889 528 1086 569 tempera-

131 582 244 621 rent,
274 582 366 614 acta
393 582 527 614 tamen
560 589 637 613 non
666 578 968 620 rescinderent;
995 586 1086 623 qua-

129 636 293 679 propter
319 632 515 676 Pontifex,
542 643 592 668 ne
619 631 837 668 auctoritas
854 630 1086 677 Apostolica

128 689 168 721 et
203 686 366 722 libertas
405 686 678 722 ecclesiastica
717 685 926 732 quidquam
966 683 1084 720 detri-

127 738 250 775 menti
268 740 515 787 aceiperent,
536 739 665 786 legem
686 738 906 781 damnavit,
927 742 966 774 et
984 748 1083 784 quae

126 792 215 828 inde
243 793 348 829 facta
373 794 556 837 fuerant,
584 793 773 828 abolevit.
803 793 878 827 An.
910 792 1002 827 1729
1029 792 1084 826 in-

124 846 258 883 visens
276 848 487 883 ecclesiam
503 858 615 884 suam
633 848 980 890 Beneventanam,
995 856 1084 893 pro-

125 900 333 937 vincialem
361 901 550 949 synodum
579 901 617 936 in
644 911 692 937 ea
719 900 960 942 celebravit,
995 909 1083 934 con-

124 954 373 991 venientibus
387 966 464 991 non
480 955 606 991 solum
623 954 854 1002 provinciae
870 952 1082 1001 episcopis,

123 1007 191 1043 sed
217 1013 257 1044 et
283 1009 371 1045 aliis
396 1021 417 1046 e
437 1009 606 1045 diversis
625 1009 853 1055 regionibus
873 1007 1082 1055 praelatis,

125 1065 206 1097 tum
233 1066 274 1098 ut
309 1062 544 1100 Pontificem
581 1067 875 1099 venerarentur
894 1091 902 1106 ,
931 1067 1012 1097 tum
1039 1064 1082 1095 ut

124 1114 171 1151 de
188 1117 358 1163 negotiis
371 1117 655 1154 ecclesiasticis
671 1129 761 1153 cum
777 1128 823 1153 eo
835 1116 1079 1153 conferrent.

124 1167 246 1205 Plura
271 1171 318 1207 de
345 1172 619 1208 ecclesiastica
637 1171 846 1218 disciplina
865 1168 1079 1206 constituit.

124 1222 310 1268 Inhibuit,
330 1237 379 1262 ne
399 1226 497 1273 quis,
520 1226 740 1262 inconsulto
760 1225 808 1260 R.
832 1224 1040 1266 Pontifice,
1060 1233 1082 1258 e

125 1278 321 1325 religiosis
336 1281 520 1317 claustris
541 1281 732 1317 transiret
749 1279 799 1315 ad
814 1279 934 1315 alium
951 1288 1083 1325 quem-

124 1342 197 1378 que
224 1333 416 1371 Ordinem
436 1335 680 1382 religiosum,
703 1334 744 1369 in
762 1345 837 1381 quo
857 1331 1084 1368 claustralis

124 1386 380 1424 observantia
398 1400 474 1424 non
492 1389 661 1435 vigeret.
685 1386 874 1423 Decrevit
890 1386 1024 1428 etiam,
1040 1388 1084 1419 ut

124 1440 187 1486 qui
214 1452 235 1476 e
263 1442 492 1478 monasticis
512 1443 676 1489 aliisque
697 1440 949 1488 regularibus
967 1437 1080 1474 Ordi-

124 1493 237 1530 nibus
252 1495 301 1530 ad
315 1496 588 1543 episcopatum
605 1493 960 1537 assumerentur‚si
976 1490 1081 1540 apud

124 1548 314 1585 ecclesias
340 1550 412 1585 sibi
432 1550 666 1586 commissas
684 1560 761 1584 non
782 1557 1082 1583 commoraren-

123 1605 201 1645 tur,
229 1606 297 1638 aut
322 1603 355 1639 si
381 1614 451 1639 eas
477 1604 738 1646 dimitterent,
760 1601 809 1638 ad
830 1602 1005 1638 claustra
1023 1600 1082 1636 sui

123 1655 282 1692 Ordinis
308 1662 627 1694 reverterentur.
656 1657 768 1697 Quae
795 1664 928 1692 autem
954 1654 1084 1701 egerit

123 1708 162 1743 in
177 1720 299 1746 causa
313 1712 608 1758 Appellantium
630 1710 668 1746 in
687 1710 816 1746 Gallia
831 1713 872 1746 et
895 1708 1082 1745 schisma-

122 1763 170 1799 tis
188 1764 492 1802 Ultraiectensis
512 1765 549 1802 in
571 1765 795 1808 Hellandia,
812 1764 891 1801 suis
911 1763 1007 1799 locis
1027 1762 1081 1797 di-

126 1827 275 1854 cemus.

169 1871 422 1910 Simultatem
450 1884 617 1920 gravem
644 1873 779 1910 habuit
809 1883 897 1908 cum
917 1871 1081 1906 Victore

120 1923 313 1971 Amadeo,
342 1939 438 1975 rege
466 1927 689 1964 Sardiniae.
717 1927 753 1963 Is
780 1927 937 1974 quippe,
965 1934 1079 1972 quum

123 1977 249 2015 adhuc
276 1986 383 2017 esset
408 1981 486 2017 dux
513 1981 751 2025 Sabaudiae,
781 1981 896 2016 nixus
924 1978 1081 2026 privile-

121 2031 200 2079 gio,
221 2033 321 2080 quod
341 2034 531 2071 Nicolaus
550 2035 621 2083 Pp.
643 2035 675 2068 V
693 2046 757 2071 an.
776 2035 865 2070 1451
881 2032 1080 2069 Ludovico

121 2088 316 2133 Amadeo,
343 2088 433 2125 duci
462 2090 701 2134 Sabaudiae,
729 2092 999 2131 concesserat,
1026 2087 1080 2121 ni-

121 2141 266 2178 mirum
299 2147 342 2180 ut
368 2144 407 2179 in
434 2145 519 2180 01115
546 2144 665 2181 terris
693 2144 886 2180 beneficia
911 2142 1078 2184 maiora,

120 2207 219 2243 quae
231 2202 377 2234 vocant
387 2199 771 2242 consistorialia,non
783 2199 1076 2241 conferrentur,

120 2250 194 2286 nisi
222 2250 365 2288 habitis
384 2252 492 2300 prius
514 2263 586 2300 per
607 2253 838 2289 Pontificem
859 2251 1078 2287 intentione

122 2309 164 2340 et
189 2316 386 2342 consensu
413 2306 522 2343 ducis
549 2306 595 2342 dc
622 2307 804 2354 personis
825 2305 987 2348 idoneis,
1006 2305 1077 2340 sibi

123 2359 182 2395 ius
215 2361 386 2397 asseruit
418 2360 671 2409 episcopatus
689 2390 697 2405 ,
729 2359 909 2396 abbatias
934 2364 974 2395 01
1001 2360 1080 2394 alia

122 2412 316 2450 beneficia
331 2414 563 2452 conferendi
579 2415 617 2450 in
634 2414 844 2457 Sabaudia,
861 2413 1078 2450 Pedemon-

122 2467 176 2502 tio
203 2467 365 2516 aliisque
394 2469 530 2513 terris,
557 2479 724 2516 quarum
744 2468 954 2515 imperium
975 2471 1079 2503 tene-

123 2520 200 2557 bat.
229 2522 380 2559 Contra
413 2523 513 2560 haec
539 2529 579 2560 et
606 2523 686 2559 alia
713 2533 738 2558 a
762 2521 860 2557 duce
887 2520 1079 2557 adversus

121 2574 328 2615 Ecclesiae
355 2579 648 2615 immunitatem
668 2582 708 2614 et
726 2576 927 2612 Pontificis
946 2580 1078 2612 aucto-

123 2632 282 2670 ritatem
312 2638 427 2682 gesta
445 2638 485 2671 01
502 2634 680 2678 decreta,
699 2633 858 2669 fortiter
878 2632 1079 2667 restiterat

123 2691 163 2723 et
182 2689 478 2726 reclamaverat
495 2690 681 2727 Clemens
701 2688 770 2736 Pp.
788 2686 857 2731 X1;
873 2686 974 2722 unde
990 2696 1079 2733 gra-

122 2742 181 2778 vis
216 2743 449 2781 Pontificem
484 2745 588 2781 inter
621 2747 661 2781 et
693 2743 832 2779 ducem
859 2741 1076 2783 dissensiO,

123 2808 222 2844 quae
249 2810 376 2847 neque
396 2800 466 2835 sub
486 2798 714 2835 Innocentio
734 2797 839 2841 XIII,
861 2795 1078 2834 Clementis

121 2864 368 2897 successore,
386 2854 605 2902 composita
623 2859 696 2889 est.
714 2853 843 2893 Quum
862 2851 965 2887 idem
986 2850 1076 2894 dux,

123 2918 185 2943 an.
218 2908 312 2946 1721)
329 2909 378 2945 ab
398 2910 640 2956 imperatore
659 2908 804 2946 Carolo
825 2906 875 2942 VI
898 2918 965 2943 rex
986 2907 1077 2942 Sar-

123 2962 252 2999 diniae
280 2969 453 3009 creatus,
486 2964 682 3008 Pontifici,
705 2963 767 3011 qui
787 2962 888 2998 lianc
908 2962 1074 2998 insulam

124 3018 170 3052 R.
192 3018 398 3056 Ecclesiae
419 3019 576 3056 seudum
596 3017 838 3060 vindicabat,
858 3016 1074 3054 hominium

123 3077 329 3119 praestare
358 3075 492 3118 nollet,
520 3079 560 3111 et
576 3072 835 3121 quarumdam
854 3072 1074 3117 civitatum,

122 3137 218 3173 quas
238 3126 274 3162 in
298 3127 556 3165 I'edemontio
575 3133 616 3163 01
635 3126 751 3163 feuda
769 3126 972 3173 pontificia
990 3138 1074 3174 pos—

122 3179 286 3222 sidebat,
314 3181 526 3218 dominium
555 3192 783 3229 supremum
813 3180 884 3215 sibi
919 3192 1073 3217 assere·

1140 321 1211 346 rex
1245 309 1294 345 ad
1326 310 1521 347 beneficia
1554 310 1593 346 in
1629 311 1813 348 Sardinia
1845 316 1886 349 et
1919 314 2093 351 caeteris

1138 363 1217 399 suis
1244 364 1364 400 terris
1389 364 1631 409 nominarat,
1661 366 1900 404 confirmare
1926 367 2092 414 nollent,

1137 417 1252 453 multi
1278 419 1544 467 episcopatus,
1573 419 1757 456 abbatiae
1783 424 1823 457 et
1847 421 1926 457 alia
1947 421 2092 458 benefi-

1138 470 1199 507 cia
1223 471 1368 509 ibidem
1393 473 1602 509 vacabant.
1631 473 1870 511 Benedictus
1896 476 1987 512 XIII
2010 487 2090 511 om-

1137 524 1216 571 nia,
1235 526 1304 562 sed
1323 527 1486 571 frustra,
1514 527 1697 571 tentavit,
1717 531 1760 563 ut
1779 539 1918 575 regem
1935 539 1959 565 a
1977 540 2090 576 prae-

1136 580 1300 627 sumptis
1322 580 1472 617 iuribus
1491 580 1713 617 reduceret.
1730 581 1899 618 Demum
1917 593 1979 618 an.
1997 583 2091 619 1727

1137 645 1224 670 cum
1252 646 1299 671 eo
1327 635 1630 672 conventionem
1662 635 1773 678 iniit,
1800 647 1876 683 qua
1893 665 1902 680 ‚
1929 641 2090 683 praeter

1135 687 1226 732 alia,
1246 689 1463 725 nominatio
1489 689 1538 725 ad
1557 690 1822 737 episcopatus,
1843 689 1893 725 ad
1912 690 2091 726 abbatias

1135 745 1175 777 et
1201 742 1280 778 alia
1300 743 1491 780 beneficia
1510 743 1597 790 regi
1616 742 1920 780 concedebatur.
1938 744 2091 780 Verum

1135 794 1371 833 discordiam
1398 797 1468 833 sub
1494 797 1700 834 Clemente
1718 797 1791 833 XII
1812 797 2089 834 resuscitatam

1134 849 1366 886 videbimus.
1396 850 1496 891 Quid
1529 849 1658 897 egerit
1688 850 1728 885 in
1764 861 1885 887 causa
1917 851 2090 887 tribuna-

1136 902 1181 938 lis
1210 903 1469 940 Monarchiae
1488 904 1637 940 siculae
1661 903 1740 939 iam
1764 904 1943 941 diximus.
1965 905 2092 941 Bene-

1134 955 1260 993 dictus
1279 961 1392 993 tanta
1417 958 1489 994 fuit
1507 957 1794 1003 moderatione,
1812 962 1856 995 ut
1874 959 1914 994 in
1932 954 2089 1005 fastigio

1134 1021 1287 1047 summo
1313 1011 1532 1058 dignitatis,
1560 1023 1639 1047 non
1658 1012 1843 1059 privatim
1870 1011 1999 1056 modo,
2022 1011 2092 1049 sed

1134 1064 1255 1100 etiam
1283 1065 1463 1113 publicae
1494 1070 1534 1102 et
1569 1066 1609 1101 in
1643 1065 1750 1102 orbis
1783 1066 1902 1103 totius
1928 1077 2092 1113 conspe-

1134 1123 1198 1155 ctu
1234 1120 1471 1156 monachum
1506 1121 1662 1168 potius,
1697 1132 1813 1168 quam
1856 1114 2090 1157 Pontificem

1136 1179 1288 1220 ageret.
1311 1175 1399 1210 Tali
1426 1175 1539 1210 modo
1567 1187 1655 1211 cum
1674 1186 1798 1212 annos
1818 1175 1962 1212 aetatis
1979 1175 2022 1212 81
2043 1185 2090 1211 ac

1135 1227 1218 1264 dies
1242 1229 1285 1265 19
1303 1229 1558 1277 complesset,
1585 1235 1701 1279 atque
1721 1230 1770 1267 ad
1788 1234 2012 1267 extremam
2030 1241 2091 1266 se-

1138 1286 1338 1319 nectutem
1366 1295 1560 1332 prospera
1585 1296 1680 1321 usus
1706 1284 1944 1329 valetudine,
1971 1283 2088 1320 nullis

1136 1347 1207 1383 pro
1234 1337 1416 1374 Ecclesia
1443 1338 1641 1376 laboribus
1669 1339 1927 1387 pepercisset,
1946 1341 2088 1375 nactus

1135 1395 1196 1426 est
1214 1392 1391 1427 morbum
1414 1393 1592 1440 pituitae,
1618 1405 1692 1441 quo
1719 1393 1949 1430 obstruente
1976 1392 2090 1439 spiri-

1139 1448 1234 1489 tum,
1262 1457 1283 1481 e
1310 1447 1539 1482 mortalium
1567 1458 1732 1484 numero
1759 1451 1921 1495 ereptus
1947 1449 2023 1491 est,
2045 1449 2090 1483 ut

1133 1499 1348 1536 immortali
1376 1500 1458 1536 vita
1483 1502 1708 1545 frueretur,
1737 1512 1853 1548 quam
1879 1500 1954 1537 sibi
1980 1501 2088 1536 inno-

1135 1553 1373 1590 centissimis
1394 1555 1567 1591 moribus
1587 1558 1907 1602 comparaverat.
1929 1554 1968 1591 Id
1988 1554 2089 1591 acci-

1134 1606 1189 1643 dit
1222 1618 1326 1644 anno
1363 1609 1454 1646 1730
1472 1637 1480 1653 ,
1508 1610 1569 1645 1x⁰
1596 1608 1782 1645 calendas
1814 1608 1975 1653 martii,
2002 1612 2090 1656 post

1134 1660 1451 1709 quinquennium,
1471 1674 1518 1699 ac
1535 1673 1697 1707 menses,
1716 1663 1753 1708 8,
1780 1662 1863 1699 dies
1884 1662 1944 1707 23,
1972 1674 2088 1710 quam

1134 1714 1415 1752 Pontificatum
1442 1717 1677 1753 obtinuerat.

1179 1770 1237 1805 43.
1266 1769 1333 1805 Lis
1359 1770 1406 1806 cle
1436 1770 1766 1807 Orclincciionibus
1792 1770 2085 1819 Anylicanis—

1134 1823 1174 1858 In
1201 1823 1330 1860 Gallia
1364 1835 1509 1861 novam
1545 1826 1862 1862 controversiam
1898 1825 2088 1862 excitavIt

1134 1876 1278 1914 Petrus
1314 1879 1462 1915 Franc.
1500 1880 1555 1916 Le
1590 1880 1847 1928 Courrayer,
1873 1879 2088 1916 Rothoma-

1132 1931 1265 1978 gensis
1287 1961 1295 1977 ,
1332 1933 1545 1969 canonicus
1581 1933 1776 1980 regularis
1810 1945 1840 1970 5.
1873 1933 2089 1980 Augustini

1132 1996 1161 2020 s.
1184 1987 1423 2023 Genovevae
1453 1987 1630 2031 Parisiis,
1660 1988 1724 2035 qui
1750 1999 1828 2024 non
1855 1987 1982 2023 solum
2007 1988 2088 2035 Ap-

1134 2040 1366 2087 pellantium
1389 2069 1397 2085 ,
1440 2041 1509 2078 sed
1552 2041 1727 2089 ipsorum
1769 2041 2083 2089 Anglicanorum

1132 2099 1267 2141 partes
1293 2095 1478 2132 defendit.
1509 2096 1624 2132 Anno
1657 2096 1749 2132 1723
1775 2096 1914 2131 librum
1941 2095 2085 2142 gallice

1130 2149 1251 2186 edidit
1276 2149 1323 2186 de
1351 2150 1487 2186 valore
1516 2149 1820 2186 Ordinationum
1855 2149 2081 2196 anglicana-

1133 2215 1234 2247 rum,
1263 2204 1301 2240 in
1328 2215 1402 2252 quo
1430 2204 1706 2247 contendebat,
1725 2205 1929 2252 episcopos
1947 2203 2083 2251 Angli-

1133 2269 1253 2294 canos
1280 2270 1365 2295 esse
1395 2258 1592 2305 legitimos
1619 2262 1659 2295 et
1685 2258 1770 2295 veri
1801 2258 1970 2294 nominis
2005 2258 2086 2305 epi-

1130 2323 1270 2360 scopos
1296 2315 1322 2346 1.
1351 2313 1445 2349 Eius
1472 2313 1731 2357 assertiones,
1750 2312 1950 2349 communi
1977 2311 2084 2349 theo-

1130 2366 1310 2414 logorum
1348 2367 1569 2404 sententiae
1604 2367 1796 2404 adversas
1817 2396 1825 2409 ‚
1860 2370 2022 2415 praeter
2051 2366 2082 2403 1.

1130 2420 1377 2457 Harduinum
1405 2421 1596 2469 aliosque,
1624 2432 1715 2458 mox
1734 2420 1994 2471 confutandas
2019 2431 2081 2457 su-

1127 2475 1253 2522 scepit
1272 2475 1393 2511 Mich.
1414 2476 1468 2512 Le
1491 2475 1619 2517 Quien
1635 2477 1662 2510 2.
1685 2475 1862 2512 Probant
1883 2475 1935 2519 hi,
1955 2477 2081 2522 ipsum

1130 2529 1376 2566 Mattliaeum
1393 2529 1632 2573 Parherum,
1643 2540 1706 2566 an.
1721 2530 1813 2567 1559
1827 2532 2005 2566 creatum
2020 2540 2083 2566 ar·

1129 2583 1422 2632 chiepiscopum
1442 2584 1787 2629 Cantuariensem,
1803 2595 1827 2621 a
1841 2595 1915 2632 quo
1930 2583 2080 2621 caeteri

1129 2639 1303 2686 episcopi
1330 2639 1539 2686 Anglieani
1566 2649 1678 2675 suam
1705 2638 1901 2686 originem
1919 2637 2080 2683 ducunt,

1129 2704 1205 2727 11011
1233 2693 1352 2729 101550
1379 2693 1507 2730 valide
1534 2693 1772 2737 ordinatum;
1792 2693 1887 2730 item
1910 2693 2079 2729 formam

1128 2746 1166 2781 in
1194 2747 1352 2790 rituali,
1381 2747 1430 2783 ab
1458 2747 1642 2783 Eduardo
1680 2759 1776 2795 rege
1809 2747 1862 2783 VI
1898 2747 2080 2784 00010010

1127 2804 1165 2836 01
1193 2801 1229 2836 in
1260 2801 1597 2850 pseudo-synodo
1628 2802 1864 2838 Londinensi
1895 2811 1958 2838 an.
1990 2801 2083 2839 1562

1128 2856 1363 2902 approbate,
1392 2856 1696 2904 praescriptam,
1723 2855 1937 2893 secundum
1966 2866 2081 2904 quam

1127 2911 1299 2957 episcopi
1327 2910 1538 2958 Anglicani
1565 2910 1815 2956 ordinantur,
1841 2922 1928 2948 esse
1963 2910 2080 2947 insuf-

1127 2964 1342 3009 ficientem,
1368 2965 1580 3001 secundum
1608 2977 1650 3002 se
1678 2966 1902 3013 ambiguam
1921 2994 1930 3010 ,
1963 2969 2003 3003 et
2028 2976 2077 3002 ex

1125 3018 1317 3055 adiunctis
1337 3019 1645 3058 circumstantiis
1660 3024 1797 3070 aperte
1816 3020 2075 3058 haereticam.

1171 3102 1176 3122 ¹
1206 3100 1431 3133 vissei-laciori
1458 3111 1518 3133 sur
1547 3103 1579 3134 Ia
1607 3100 1750 3135 raliclile'
1778 3101 1835 3134 des
1858 3100 2077 3134 Ordinations

1122 3146 1332 3185 analiranes,
1361 3148 1513 3181 Bruxell.
1542 3147 1642 3186 1723,
1669 3148 1689 3178 2
1718 3149 1792 3180 voli.
1814 3147 1938 3181 iri-12⁰.

1166 3192 1179 3212 ‘2
1208 3191 1335 3227 Nullilc'
1364 3193 1422 3226 des
1453 3192 1672 3227 Ordinations
1691 3194 1909 3236 anylicanes„
1935 3191 1957 3225 4
1992 3192 2073 3226 voli.

122 3236 205 3279 ret,
231 3233 389 3271 dissidia
416 3239 534 3272 aucta
559 3238 671 3279 sunt,
698 3234 901 3281 omnisque
935 3235 1072 3271 0111111-
1120 3236 1242 3271 iii-1⁰2⁰.
