2241 3473
5 67 17 122 *W*

744 155 872 186 vsovss
899 154 954 181 AD
983 151 1177 180 AETA'rt-:M
1205 154 1351 182 CAROLI
1380 154 1424 182 M.

1917 143 1993 182 167

99 224 202 268 runt,
229 221 408 265 Croatae,
434 219 564 265 Frisii,
584 220 744 265 Bavari,
763 218 884 258 Sucvi
905 218 1046 266 aliique
1091 220 1220 268 pulsae
1240 223 1341 267 sunt;
1363 220 1460 259 adeo
1481 221 1536 266 ut,
1549 219 1771 259 Mahomete
1790 234 1851 261 an.
1868 223 1947 263 632
1962 224 2039 262 Me-

96 274 326 312 Germaniae
359 273 514 322 populi,
544 273 644 321 apud
673 285 781 321 quos,
812 271 926 309 simul
957 282 1043 307 cum

94 326 328 365 christianae
357 326 446 362 fidei
481 326 738 374 professione,
767 324 941 362 adolevit
971 324 1043 360 llo-

93 380 252 428 ruitque
274 379 494 416 institutum
518 379 786 416 monasticum.

147 433 190 470 In
214 432 342 470 multis
361 432 514 479 quidem
534 431 741 480 provinciis
758 430 915 479 pietatis
935 430 971 466 et
990 428 1044 465 di-

92 485 276 535 sciplinae
300 485 428 533 vigor,
458 484 679 521 litterarum
710 495 754 520 ac
787 483 1041 520 scientiarum

91 551 201 577 amor
220 550 265 575 ac
285 539 441 575 cultura
462 538 509 573 ob
530 537 694 574 adversa
715 539 931 584 temporum
969 534 1040 571 ad-

91 591 224 630 iuncta
243 591 482 639 languerunt
502 601 547 626 ac
577 589 847 637 deperierunt3
879 598 1039 625 verum-

92 648 222 682 tamen
245 644 460 681 videbimus
482 641 609 690 plures
625 642 660 677 iu
679 641 854 679 Ecclesia
870 641 1044 678 floruisse

92 697 211 741 viros,
238 697 443 734 sanctitate
473 705 518 731 ac
547 694 765 731 eruditione
795 693 934 738 claros,
956 693 1042 729 RR.

92 750 300 788 Pontifices
320 752 360 786 et
387 747 639 784 ecclesiarum
671 747 865 784 antistites
892 746 1042 783 instau-

92 803 237 840 randae
265 801 490 849 disciplinae
520 811 565 837 ac
595 799 846 836 emendandis
873 798 1044 836 moribus

89 855 253 894 sollicite
283 854 551 899 adlaborasse,
580 852 786 902 pluresque
807 851 977 902 synodos
997 850 1044 888 ad

94 908 131 946 id
153 907 271 946 fuisse
292 907 522 944 celebratas.

148 961 182 998 1.
205 960 417 998 Mahomet
441 960 614 1007 eiusque
641 963 749 996 secta
779 957 859 1007 (an.
888 957 1045 1007 622)—

94 1014 295 1052 Mahomet
314 1025 382 1050 seu
403 1011 661 1049 Muhamedes
690 1023 751 1049 an.
781 1011 855 1048 571
888 1011 1045 1048 Meccae

95 1067 133 1104 in
163 1066 309 1105 Arabia
329 1068 439 1115 patre
460 1064 597 1114 gentili
619 1067 659 1101 et
680 1067 804 1101 matre
825 1064 964 1101 iudaea
985 1075 1047 1100 na-

96 1122 158 1157 tus
179 1121 249 1157 est.
268 1119 512 1156 Litterarum
534 1128 687 1165 experS,
703 1117 769 1154 sed
790 1117 947 1165 ingenio
967 1116 1046 1153 fer-

97 1172 199 1218 vido,
219 1171 427 1221 phantasia
447 1170 634 1215 exaltata,
656 1170 784 1207 animo
803 1169 987 1207 bellicoso
1008 1171 1047 1206 et

96 1224 226 1262 fallaci
258 1224 443 1262 facundia
460 1223 659 1272 praeditus
676 1226 773 1260 erat.
791 1222 913 1260 Vafer
932 1222 1045 1271 inge-

98 1278 162 1315 nio
183 1280 224 1315 et
244 1277 433 1315 facundus
454 1279 612 1322 natura,
627 1276 807 1324 quamvis
823 1275 1046 1313 litterarum

97 1330 226 1377 rudis,
255 1330 424 1379 gratiam
454 1329 543 1366 iniit
572 1329 675 1377 apud
704 1329 962 1378 praedivitem
983 1328 1046 1365 vi-

93 1383 208 1421 duam
239 1382 414 1433 (nomine
444 1380 688 1431 Rhadidjah)
719 1381 831 1419 cuius
860 1382 946 1419 dein
969 1393 1044 1418 nu-

91 1436 192 1486 ptias
223 1436 456 1484 divitiasque
481 1438 712 1472 consecutus
731 1438 800 1472 est.
823 1435 919 1472 Post
939 1446 1044 1471 mer-

91 1492 267 1527 caturam
297 1489 525 1537 aliquandiu
559 1488 773 1525 exercitam
792 1517 801 1533 ,
841 1487 1042 1525 consilium

92 1542 179 1579 iniit
199 1542 479 1579 instaurandae
500 1542 601 1578 inter
620 1552 710 1578 suos
734 1541 943 1589 populares
957 1540 1044 1577 reli-

92 1595 226 1644 gionis.
249 1595 346 1632 Erat
366 1595 432 1632 illo
452 1597 626 1643 tempore
646 1605 708 1631 res
729 1594 914 1641 religiosa
943 1594 1046 1630 inter

91 1648 242 1686 Arabes
261 1660 327 1686 seu
348 1647 565 1685 Saracenos
586 1647 794 1684 admodum
824 1648 1046 1695 prostrata3

92 1701 160 1738 alii
190 1701 387 1747 ethnicos,
407 1700 473 1738 alii
499 1700 692 1746 iudaicos‚
722 1700 787 1737 alii
817 1699 1047 1737 christianos

93 1753 195 1791 ritus
223 1754 487 1792 sectabantur.
509 1754 678 1801 Tempus
709 1753 810 1790 inter
838 1753 988 1790 labores
1009 1756 1049 1789 et

91 1806 454 1856 contemplationes,
470 1818 536 1844 seu
561 1806 688 1854 potius
708 1805 881 1843 fanatica
896 1805 1047 1842 somnia

94 1858 285 1906 dividere,
298 1862 338 1897 et
353 1859 559 1908 quotannis
575 1859 611 1896 in
628 1859 722 1896 locis
739 1860 936 1896 montanis
950 1859 1049 1896 Mec-

94 1924 164 1950 cae
181 1912 382 1950 Mahomet
397 1912 627 1949 delitescere
643 1911 935 1958 solebat,donec
948 1923 1048 1948 anno

92 1965 184 2011 612,
210 1965 351 2002 aetatis
371 1977 466 2003 suae
485 1965 549 2011 40,
569 1976 609 2002 se
630 1965 677 2002 ad
698 1965 910 2001 docendam
932 1965 1050 2001 homi·

96 2029 164 2055 nes
179 2030 314 2056 veram
329 2018 556 2066 religionem
578 2030 600 2055 a
617 2018 698 2054 Deo
717 2018 799 2066 ipso
819 2018 1046 2066 prophetam

93 2071 312 2108 excitatum
333 2071 566 2117 venditavit,
583 2070 813 2118 divinasque
834 2070 1046 2107 revelatio-

97 2134 164 2160 nes
179 2130 219 2161 et
237 2124 512 2173 apparitiones,
532 2123 758 2172 praesertim
776 2123 969 2161 Gabrielis
991 2135 1049 2160 ar-

95 2176 287 2226 changeli,
315 2177 385 2214 sibi
417 2177 600 2214 obvenire
620 2176 753 2223 finxit3
774 2176 919 2214 multos
939 2176 1047 2213 Mec-

94 2240 241 2276 censes,
257 2229 468 2278 praecipue
488 2230 603 2267 rudes
624 2233 662 2266 et
678 2230 849 2278 ignaros,
861 2229 899 2266 in
917 2232 1049 2278 partes

93 2292 183 2319 suas
202 2283 347 2328 traxit,
368 2283 541 2320 maxima
560 2285 690 2320 tamen
713 2294 802 2331 pars
817 2283 851 2319 ei
869 2283 1047 2320 adversa-

93 2334 223 2380 batur,
251 2335 347 2372 adeo
377 2337 420 2372 ut
439 2335 639 2372 Mahomet
658 2336 761 2372 haud
781 2337 868 2372 tuto
889 2335 1047 2372 Meccae

93 2398 227 2435 agens,
245 2399 307 2425 an.
327 2387 406 2424 622
426 2388 648 2436 confugerit
665 2389 703 2424 in
726 2389 860 2425 urbem
881 2388 1048 2425 Yathre-

94 2440 198 2486 bam,
217 2442 351 2488 postea
366 2440 563 2478 Medinam
580 2440 812 2490 appellatam
828 2455 835 2486 ;
853 2453 968 2489 quam
989 2441 1047 2477 fu-

93 2503 182 2540 gam
204 2492 468 2530 Mahometani
485 2505 599 2530 aerae
623 2505 728 2539 suae,
749 2494 944 2542 Hegyyrae
967 2493 1048 2544 (an-

95 2557 167 2581 nus
181 2544 363 2595 primus),
378 2546 532 2583 initium
550 2547 850 2584 constituerunt.
873 2546 1045 2584 Yathre-

94 2597 245 2642 benseS,
262 2597 338 2634 iam
359 2601 475 2636 antea
495 2599 763 2636 Meccensibus
782 2599 937 2645 infensi,
954 2612 1043 2636 mox

99 2649 332 2686 Mahometis
352 2654 482 2699 partes
501 2654 766 2701 susceperunt.

150 2702 208 2739 Ex
230 2702 302 2739 hoc
320 2704 494 2751 tempore
513 2704 731 2751 Mahomet,
762 2717 784 2742 a
812 2705 1044 2753 sequacibus

98 2754 177 2792 suis
206 2757 395 2803 tanquam
424 2757 611 2804 propheta
632 2758 700 2794 Dei
723 2760 763 2795 et
783 2758 961 2806 princeps
984 2771 1044 2795 no-

95 2818 169 2844 vae
182 2807 280 2856 legis
293 2808 677 2857 religioso-politicae
689 2810 859 2855 habitus,
870 2810 1044 2848 'Meccen-

96 2859 203 2897 sibus
221 2860 386 2909 aliisque
398 2861 592 2898 Arabibus
605 2862 675 2899 sibi
687 2863 955 2901 resistentibus
966 2864 1042 2900 bel-

95 2911 173 2949 lum
195 2912 346 2959 intulit;
367 2913 498 2961 plures
518 2914 695 2951 civitates
715 2917 755 2952 et
771 2927 831 2953 an.
848 2916 926 2953 630
942 2917 1040 2954 Mec-

93 2975 178 3001 cam
199 2965 323 3014 ipsam
344 2978 436 3002 occu
443 2966 561 3014 pavit3
582 2978 656 3015 quo
677 2967 779 3004 facto
795 2980 870 3005 non
886 2971 1038 3006 tantum

93 3016 207 3054 liuius
236 3018 343 3055 urbis
371 3018 522 3056 incolae
543 3019 747 3067 imperium
768 3020 851 3058 eius
878 3024 916 3058 ct
947 3023 1041 3059 reli-

95 3069 248 3117 gionem
269 3070 413 3108 dict-am
427 3071 553 3108 Islam
574 3072 826 3118 admiserunt,
842 3075 906 3110 seii
923 3076 1041 3112 etiam

96 3121 267 3170 reliquae
287 3124 426 3172 stirpes
446 3124 634 3170 Arabiae,
655 3125 824 3161 nondum
852 3126 1040 3176 subiuga-

96 3174 160 3211 tae
175 3203 185 3222 ,
206 3175 252 3212 ad
274 3176 374 3214 idem
396 3176 616 3214 faciendum
638 3177 676 3213 vi
704 3188 902 3215 armorum
931 3191 1041 3217 com-

1089 272 1201 310 dinae
1223 274 1433 320 moriente,
1454 271 1592 322 religio
1614 274 1663 311 ab
1683 286 1728 312 eo
1747 274 1974 315 introducta
2002 280 2042 315 et

1090 325 1295 374 imperium
1318 327 1408 363 huic
1429 328 1743 374 superstructum
1757 358 1766 374 ‚
1788 340 1857 377 per
1878 330 2042 368 univer-

1088 389 1170 415 sam
1193 379 1378 416 Arabiam
1402 382 1531 417 essent
1552 383 1778 429 propagata.

1143 431 1297 480 Religio
1321 443 1428 476 vero,
1449 443 1566 480 quam
1587 433 1786 472 Mahomet
1809 434 2044 482 introduxit,

1087 494 1107 519 c
1125 483 1312 521 doctrinis
1327 484 1496 530 ethnica,
1513 485 1667 523 iudaica
1680 489 1720 524 et
1731 487 1949 527 christiana
1960 492 2046 526 erat

1088 535 1277 574 confecta.
1319 537 1411 574 Eius
1440 536 1569 585 capita
1597 539 1695 576 hacc
1727 542 1840 578 sunt:
1871 541 2042 580 Unicum

1089 599 1173 625 csse
1196 589 1332 634 Deum,
1353 589 1415 637 qui
1436 590 1614 638 angelos,
1635 591 1811 631 homines
1834 597 1872 632 et
1892 595 2044 643 reliqua

1089 641 1259 678 creavit:
1289 642 1498 679 Diabolum
1528 654 1612 680 esse
1643 646 1827 694 angelum
1857 648 2044 685 rebellem

1089 696 1128 730 et
1148 695 1349 731 auctorem
1370 694 1502 743 lapsus
1522 698 1864 745 protoparentum:
1890 700 2014 738 Deum
2036 730 2046 748 ,

1088 746 1136 783 ad
1159 747 1442 785 restituendam
1463 759 1599 785 veram
1617 750 1860 799 religionem,
1877 754 2043 792 diversis

1087 799 1327 848 temporibus
1348 801 1496 838 misisse
1517 801 1669 850 legatos
1689 806 1728 840 et
1748 806 1972 854 prophetas,
1988 806 2043 844 ni-

1089 852 1232 889 mirum
1253 852 1351 899 Noe,
1371 853 1586 900 Abraham,
1605 854 1770 903 Moscm,
1788 858 1914 896 Iesum
1936 860 2044 897 Chri-

1088 907 1204 951 stum,
1217 907 1256 943 et
1276 906 1473 944 recentius
1492 906 1776 947 Mahometem:
1795 911 1924 949 Iesum
1939 912 2045 950 Chri-

1090 960 1193 995 stum
1215 957 1334 996 fuisse
1353 971 1491 996 verum
1512 959 1583 997 Dei
1604 959 1792 1009 legatum,
1812 963 1850 1001 in
1880 965 1983 1014 Lege
2006 967 2046 1003 et

1089 1011 1287 1060 prophetis
1308 1012 1544 1060 promissum
1564 1015 1602 1050 et
1625 1025 1646 1050 e
1666 1014 1794 1053 Maria
1811 1017 1963 1066 virgine
1980 1029 2043 1056 na-

1091 1068 1196 1111 tum3
1215 1064 1282 1102 sed
1304 1077 1378 1102 non
1400 1077 1482 1103 esse
1503 1066 1650 1104 Deum:
1681 1066 1820 1106 Omnia
1849 1069 2042 1109 inelucta-

1090 1117 1177 1154 bilis
1198 1116 1268 1154 fati
1281 1117 1432 1167 legibus
1449 1130 1533 1156 esse
1549 1120 1746 1158 subiecta:
1764 1121 1949 1161 Homines
1965 1135 2047 1161 om-

1092 1181 1156 1207 ncs
1177 1173 1468 1209 resurrecturos
1489 1174 1528 1209 et
1543 1172 1615 1209 Dei
1631 1172 1817 1211 iudicium
1833 1175 2043 1224 subitur0s3

1090 1223 1231 1261 electos
1251 1224 1551 1262 subtilissimum
1571 1227 1730 1274 pontem
1746 1256 1755 1272 ,
1776 1239 1893 1276 super
1912 1232 2044 1267 vastas

1092 1275 1232 1313 inferni
1247 1276 1333 1314 loca
1349 1278 1797 1325 structum,festinanter
1812 1281 2044 1319 traiecturos

1090 1329 1127 1365 in
1150 1330 1372 1378 paradisum
1388 1360 1397 1377 ,
1427 1332 1532 1368 omni
1553 1332 1782 1370 deliciarum
1803 1345 1947 1382 genere
1976 1347 2042 1372 re-

1092 1381 1255 1430 pletum3
1290 1384 1414 1421 malos
1448 1396 1543 1422 vero
1576 1386 1616 1422 et
1644 1385 1867 1425 incredulos
1897 1400 1946 1425 ex
1968 1391 2041 1425 hoc

1093 1437 1207 1483 ponte
1228 1435 1463 1475 deiiciendos
1479 1437 1517 1474 in
1546 1437 1743 1476 infernum
1775 1442 1815 1477 et
1843 1441 2042 1489 suppliciis

1091 1489 1285 1536 perpetuis
1305 1490 1542 1528 addicendos
1562 1490 1656 1529 fore.
1679 1491 1789 1533 Quod
1806 1494 1978 1541 pertinet
1993 1495 2042 1532 ad

1092 1542 1265 1589 agenda:
1296 1542 1544 1592 Praecipitur
1569 1544 1694 1581 oratio
1720 1546 1895 1593 quotidie
1922 1547 2040 1596 quin-

1091 1594 1201 1642 quies
1222 1594 1422 1643 facienda,
1445 1596 1556 1633 vultu
1579 1597 1626 1634 ad
1649 1598 1823 1636 Meccam
1854 1611 2042 1638 converso

1091 1650 1131 1685 et
1151 1649 1367 1696 praemissa
1387 1649 1558 1698 corporis
1586 1650 1752 1698 lotione,
1781 1652 1973 1690 ieiunium
2003 1653 2042 1690 in

1093 1711 1225 1738 mense
1246 1701 1466 1749 Ramadan,
1488 1703 1828 1752 eleemosynarum
1849 1706 2046 1753 studium,

1094 1765 1172 1790 una
1191 1753 1331 1791 saltem
1362 1755 1403 1792 in
1436 1755 1520 1793 vita
1549 1756 1722 1794 Meccam
1757 1759 2044 1807 peregrinatio,

1092 1806 1360 1855 circumcisio,
1379 1808 1526 1846 bellum
1547 1810 1761 1857 gerendum
1783 1814 1921 1849 contra
1949 1812 2043 1849 infi-

1093 1859 1210 1906 deles,
1225 1860 1324 1897 idest
1338 1873 1415 1907 eos,
1432 1861 1499 1909 qui
1515 1874 1538 1898 a
1555 1862 1743 1911 religione
1758 1864 2045 1902 mahomedana

1092 1911 1346 1960 dissiderent,
1382 1914 1612 1963 prohibetur
1641 1927 1728 1953 esus
1757 1916 1888 1954 carnis
1917 1918 2043 1966 porci-

1093 1977 1177 2011 nae,
1198 1965 1376 2003 suffocati
1397 1968 1436 2004 et
1456 1968 1669 2016 sanguinis,
1693 1981 1786 2007 usus
1803 1970 1898 2016 vini,
1921 1971 2046 2018 periu-

1092 2018 1205 2064 rium,
1221 2019 1480 2068 sortilegium,
1493 2032 1629 2068 usura3
1647 2022 1711 2059 scd
1729 2022 1970 2071 permittitur
1985 2024 2045 2060 di-

1093 2072 1277 2117 vortium,
1298 2072 1535 2122 polygamia,
1555 2074 1704 2122 rapina,
1727 2079 1766 2112 et
1782 2076 1969 2124 quidquid
1987 2088 2045 2113 ar-

1094 2135 1246 2161 morum
1260 2125 1319 2162 vis
1335 2127 1485 2164 suadet.
1497 2127 1606 2164 Haec
1617 2127 1772 2176 aliaque
1789 2140 1811 2166 a
1822 2128 2045 2167 Mahomete

1091 2178 1238 2215 tradita
1258 2179 1551 2228 comprehendit
1570 2179 1671 2217 liber
1690 2182 1943 2227 Alcorcmus,
1961 2185 2046 2231 post

1092 2229 1195 2267 illius
1224 2234 1390 2268 mortem
1413 2232 1484 2269 sub
1504 2233 1711 2270 Abubecre
1732 2234 1849 2271 califa
1870 2235 1994 2272 editus
2018 2234 2043 2272 ¹.

1145 2283 1424 2331 Mahometani,
1437 2287 1648 2323 secundum
1662 2287 2044 2336 pseudo-prophetae

1091 2336 1149 2372 sui
1170 2337 1392 2385 exemplum
1414 2340 1454 2375 et
1475 2339 1717 2386 mandatum,
1738 2341 1918 2385 Graecis,
1942 2341 2042 2377 Per-

1090 2388 1154 2435 sis,
1174 2388 1370 2427 Africanis
1391 2391 1556 2439 aliisque
1578 2392 1720 2430 bellum
1743 2393 1982 2439 intulerunt,
2005 2395 2045 2430 et

1091 2441 1161 2478 hoc
1189 2442 1271 2490 ipso
1291 2443 1446 2480 saeculo
1467 2445 1672 2493 imperium
1694 2458 1809 2483 suum
1832 2448 1871 2482 et
1891 2458 1976 2482 cum
1998 2457 2044 2483 eo

1090 2494 1352 2532 Islamismum
1375 2509 1441 2544 per
1462 2497 1632 2546 Syriam,
1655 2498 1941 2544 Palaestinam,
1962 2498 2041 2534 [Ε-

1089 2550 1274 2596 Ξῑὰᾭὶιηυ,
1296 2549 1495 2586 Persidem
1517 2552 1555 2587 et
1575 2551 1748 2588 Africam
1780 2563 1980 2588 romanam
2004 2551 2041 2588 vi

1089 2611 1286 2638 armorum
1303 2606 1584 2650 propagarunt.
1603 2604 1815 2652 Perperam
1833 2615 1927 2640 vero
1946 2604 2043 2641 chri-

1089 2653 1240 2691 stianae
1266 2655 1467 2703 religionis
1497 2656 1627 2693 hostes
1647 2668 1667 2692 e
1688 2656 1803 2693 celeri
1834 2657 2041 2693 mahome-

1087 2705 1187 2743 ticae
1215 2708 1499 2755 superstitionis
1519 2709 1796 2756 propagatione
1825 2712 2041 2747 extenuare

1087 2759 1213 2796 conati
1232 2762 1324 2797 sunt
1339 2772 1532 2798 summam
1549 2762 1783 2808 gravitatem
1801 2763 2039 2808 argumenti,

1086 2813 1186 2859 quod
1201 2813 1247 2850 ad
1260 2813 1515 2863 evincendam
1531 2814 1764 2851 christianae
1778 2814 1975 2863 religionis
1987 2815 2043 2869 di·-

1126 2905 1136 2926 ¹
1155 2905 1299 2943 Mai-acci,
1314 2905 1473 2936 Alc-orani
1489 2907 1594 2935 [emus
1610 2906 1789 2944 universus,
1807 2906 1934 2938 arabice
1950 2910 1979 2937 ct
1996 2907 2042 2937 la-

1086 2947 1160 2985 tine,
1174 2948 1277 2977 Paiav.
1300 2946 1386 2982 1608,
1409 2946 1427 2976 Ξ
1452 2947 1508 2976 vol.
1533 2945 1640 2982 in-l'ol,
1665 2948 1811 2986 Gagnier,
1834 2948 1907 2980 Vita
1925 2948 2038 2979 Maho-

1085 2989 1189 3024 metis,
1208 2988 1331 3018 arabice
1347 2990 1376 3017 (τι
1393 2987 1497 3023 latine,
1516 2987 1610 3018 Oxon.
1632 2987 1708 3018 1723
1732 2988 1826 3025 iii-1⁴⁷2
1846 2989 2038 3025 D'Herbelot,

1086 3028 1239 3060 Biblium.
1263 3027 1536 3064 01·ienl‹1l.;N:1tal.
1561 3029 1641 3058 Alex.
1661 3029 1747 3060 Hist.
1770 3030 1846 3061 eccl.
1869 3040 1950 3061 saec.
1979 3031 2036 3067 Vll,

1087 3079 1112 3100 c.
1129 3069 1156 3106 2,
1175 3079 1200 3099 a.
1218 3068 1247 3100 ⁹2.
1264 3069 1438 3098 Adiutorrm
1459 3068 1563 3099 habuit
1587 3070 1742 3100 Mahomet
1764 3071 1904 3110 Sergium
1928 3079 2041 3101 mona-

1086 3111 1174 3140 chum
1192 3109 1412 3145 nestorianum,
1437 3109 1482 3139 vel
1507 3110 1657 3149 arianum,
1682 3116 1712 3141 ut
1735 3111 1785 3142 alii
1810 3115 1929 3151 putant,
1952 3112 2039 3142 cuius

1087 3160 1143 3190 ope
1168 3150 1338 3180 doctrinam
1361 3159 1448 3179 suam
1472 3150 1581 3182 litteris
1596 3152 1732 3191 tradidit,
1748 3153 1828 3183 unde
1845 3158 1953 3193 postea
1973 3153 2041 3183 col-

1086 3193 1184 3223 lectus
1201 3193 1248 3221 est
1264 3191 1455 3223 AlcoranuS.
