<?xml version="1.0" encoding="UTF-8"?>
<!DOCTYPE html PUBLIC "-//W3C//DTD XHTML 1.0 Transitional//EN"
    "http://www.w3.org/TR/xhtml1/DTD/xhtml1-transitional.dtd">
<html xmlns="http://www.w3.org/1999/xhtml" xml:lang="en" lang="en">
 <head>
  <title>
</title>
<meta http-equiv="Content-Type" content="text/html;charset=utf-8" />
  <meta name='ocr-system' content='tesseract 3.04.00' />
  <meta name='ocr-capabilities' content='ocr_page ocr_carea ocr_par ocr_line ocrx_word'/>
</head>
<body>
  <div class='ocr_page' id='page_1' title='image "./historiaeecclesi01wout_0679.png"; bbox 0 0 2241 3473; ppageno 0'>
   <div class='ocr_carea' id='block_1_1' title="bbox 669 173 1415 206">
    <p class='ocr_par' dir='ltr' id='par_1_1' title="bbox 669 173 1415 206">
     <span class='ocr_line' id='line_1_1' title="bbox 669 173 1415 206; baseline -0.005 -2"><span class='ocrx_word' id='word_1_1' title='bbox 669 176 806 206; x_wconf 78' lang='lat' dir='ltr'>VSQVE</span> <span class='ocrx_word' id='word_1_2' title='bbox 826 176 880 203; x_wconf 80' lang='lat' dir='ltr'>AD</span> <span class='ocrx_word' id='word_1_3' title='bbox 902 173 1186 203; x_wconf 75' lang='lat' dir='ltr'><strong>PRAESENTEM</strong></span> <span class='ocrx_word' id='word_1_4' title='bbox 1210 174 1415 201; x_wconf 82' lang='grc' dir='ltr'>ΑΕΤΑΤΕΜ</span> 
     </span>
    </p>
   </div>
   <div class='ocr_carea' id='block_1_2' title="bbox 74 250 1058 3297">
    <p class='ocr_par' dir='ltr' id='par_1_2' title="bbox 74 250 1036 1526">
     <span class='ocr_line' id='line_1_2' title="bbox 74 250 1020 299; baseline -0.001 -13"><span class='ocrx_word' id='word_1_5' title='bbox 74 251 179 288; x_wconf 86' lang='lat' dir='ltr'>ravit</span> <span class='ocrx_word' id='word_1_6' title='bbox 203 262 273 298; x_wconf 92' lang='lat' dir='ltr'>per</span> <span class='ocrx_word' id='word_1_7' title='bbox 302 260 364 291; x_wconf 80' lang='lat' dir='ltr'>ea,</span> <span class='ocrx_word' id='word_1_8' title='bbox 384 250 519 297; x_wconf 89' lang='lat' dir='ltr'>quibus</span> <span class='ocrx_word' id='word_1_9' title='bbox 537 251 708 287; x_wconf 83' lang='lat' dir='ltr'>schisma</span> <span class='ocrx_word' id='word_1_10' title='bbox 726 252 1020 299; x_wconf 86' lang='lat' dir='ltr'>promoverant,</span> 
     </span>
     <span class='ocr_line' id='line_1_3' title="bbox 75 303 1022 352; baseline -0.002 -12"><span class='ocrx_word' id='word_1_11' title='bbox 75 315 221 352; x_wconf 88' lang='lat' dir='ltr'>poenas</span> <span class='ocrx_word' id='word_1_12' title='bbox 249 303 463 340; x_wconf 82' lang='lat' dir='ltr'>canonicas</span> <span class='ocrx_word' id='word_1_13' title='bbox 481 305 709 346; x_wconf 87' lang='lat' dir='ltr'>incurrisse,</span> <span class='ocrx_word' id='word_1_14' title='bbox 729 309 844 351; x_wconf 87' lang='lat' dir='ltr'>atque</span> <span class='ocrx_word' id='word_1_15' title='bbox 863 308 905 339; x_wconf 86' lang='lat' dir='ltr'>ut</span> <span class='ocrx_word' id='word_1_16' title='bbox 925 303 1022 339; x_wconf 89' lang='lat' dir='ltr'>tales</span> 
     </span>
     <span class='ocr_line' id='line_1_4' title="bbox 76 355 1019 404; baseline -0.005 -9"><span class='ocrx_word' id='word_1_17' title='bbox 76 358 226 404; x_wconf 87' lang='lat' dir='ltr'>publice</span> <span class='ocrx_word' id='word_1_18' title='bbox 251 357 300 393; x_wconf 85' lang='lat' dir='ltr'>ab</span> <span class='ocrx_word' id='word_1_19' title='bbox 327 358 506 394; x_wconf 86' lang='lat' dir='ltr'>omnibus</span> <span class='ocrx_word' id='word_1_20' title='bbox 536 369 622 395; x_wconf 88' lang='lat' dir='ltr'>esse</span> <span class='ocrx_word' id='word_1_21' title='bbox 641 357 839 395; x_wconf 85' lang='lat' dir='ltr'>habendos</span> <span class='ocrx_word' id='word_1_22' title='bbox 858 362 897 393; x_wconf 88' lang='lat' dir='ltr'>ct</span> <span class='ocrx_word' id='word_1_23' title='bbox 916 355 1019 392; x_wconf 89' lang='lat' dir='ltr'>omni</span> 
     </span>
     <span class='ocr_line' id='line_1_5' title="bbox 74 409 1023 457; baseline -0.004 -9"><span class='ocrx_word' id='word_1_24' title='bbox 74 421 280 448; x_wconf 87' lang='lat' dir='ltr'>sacrorum</span> <span class='ocrx_word' id='word_1_25' title='bbox 310 421 504 446; x_wconf 83' lang='lat' dir='ltr'>canonum</span> <span class='ocrx_word' id='word_1_26' title='bbox 534 411 666 457; x_wconf 86' lang='lat' dir='ltr'>rigore</span> <span class='ocrx_word' id='word_1_27' title='bbox 694 416 834 447; x_wconf 87' lang='lat' dir='ltr'>contra</span> <span class='ocrx_word' id='word_1_28' title='bbox 854 421 921 446; x_wconf 92' lang='lat' dir='ltr'>eos</span> <span class='ocrx_word' id='word_1_29' title='bbox 939 409 1023 445; x_wconf 84' lang='lat' dir='ltr'>sore</span> 
     </span>
     <span class='ocr_line' id='line_1_6' title="bbox 76 462 1025 512; baseline -0.001 -13"><span class='ocrx_word' id='word_1_30' title='bbox 76 463 381 512; x_wconf 83' lang='lat' dir='ltr'>procedendum,</span> <span class='ocrx_word' id='word_1_31' title='bbox 411 464 483 500; x_wconf 85' lang='lat' dir='ltr'>uisi</span> <span class='ocrx_word' id='word_1_32' title='bbox 510 464 615 500; x_wconf 86' lang='lat' dir='ltr'>intra</span> <span class='ocrx_word' id='word_1_33' title='bbox 639 464 734 500; x_wconf 92' lang='lat' dir='ltr'>duos</span> <span class='ocrx_word' id='word_1_34' title='bbox 754 474 908 500; x_wconf 90' lang='lat' dir='ltr'>meuses</span> <span class='ocrx_word' id='word_1_35' title='bbox 928 462 1025 499; x_wconf 90' lang='lat' dir='ltr'>resi-</span> 
     </span>
     <span class='ocr_line' id='line_1_7' title="bbox 76 515 1024 564; baseline -0.002 -12"><span class='ocrx_word' id='word_1_36' title='bbox 76 517 264 562; x_wconf 88' lang='lat' dir='ltr'>puissent.</span> <span class='ocrx_word' id='word_1_37' title='bbox 278 516 497 554; x_wconf 84' lang='lat' dir='ltr'>Praeterea</span> <span class='ocrx_word' id='word_1_38' title='bbox 509 522 673 564; x_wconf 86' lang='lat' dir='ltr'>paterne</span> <span class='ocrx_word' id='word_1_39' title='bbox 684 515 1024 552; x_wconf 87' lang='lat' dir='ltr'>hortabaturPon-</span> 
     </span>
     <span class='ocr_line' id='line_1_8' title="bbox 76 569 1025 618; baseline -0.001 -13"><span class='ocrx_word' id='word_1_40' title='bbox 76 569 185 612; x_wconf 82' lang='lat' dir='ltr'>tifex,</span> <span class='ocrx_word' id='word_1_41' title='bbox 205 575 247 606; x_wconf 91' lang='lat' dir='ltr'>ut</span> <span class='ocrx_word' id='word_1_42' title='bbox 265 570 419 618; x_wconf 84' lang='lat' dir='ltr'>decepti</span> <span class='ocrx_word' id='word_1_43' title='bbox 437 577 478 607; x_wconf 89' lang='lat' dir='ltr'>et</span> <span class='ocrx_word' id='word_1_44' title='bbox 495 575 679 606; x_wconf 79' lang='lat' dir='ltr'>errantes</span> <span class='ocrx_word' id='word_1_45' title='bbox 694 580 717 605; x_wconf 86' lang='lat' dir='ltr'>a</span> <span class='ocrx_word' id='word_1_46' title='bbox 735 569 945 605; x_wconf 84' lang='lat' dir='ltr'>schismate</span> <span class='ocrx_word' id='word_1_47' title='bbox 966 579 1025 604; x_wconf 89' lang='lat' dir='ltr'>rc-</span> 
     </span>
     <span class='ocr_line' id='line_1_9' title="bbox 77 621 1022 671; baseline -0.002 -13"><span class='ocrx_word' id='word_1_48' title='bbox 77 622 287 665; x_wconf 71' lang='lat' dir='ltr'>cederent,</span> <span class='ocrx_word' id='word_1_49' title='bbox 315 624 451 671; x_wconf 79' lang='lat' dir='ltr'>reliqui</span> <span class='ocrx_word' id='word_1_50' title='bbox 477 635 571 659; x_wconf 88' lang='lat' dir='ltr'>vero</span> <span class='ocrx_word' id='word_1_51' title='bbox 599 623 727 669; x_wconf 88' lang='lat' dir='ltr'>magis</span> <span class='ocrx_word' id='word_1_52' title='bbox 754 622 954 668; x_wconf 84' lang='lat' dir='ltr'>magisque</span> <span class='ocrx_word' id='word_1_53' title='bbox 986 621 1022 656; x_wconf 89' lang='lat' dir='ltr'>in</span> 
     </span>
     <span class='ocr_line' id='line_1_10' title="bbox 81 675 1024 724; baseline -0.002 -13"><span class='ocrx_word' id='word_1_54' title='bbox 81 676 305 714; x_wconf 82' lang='lat' dir='ltr'>obedientia</span> <span class='ocrx_word' id='word_1_55' title='bbox 345 681 666 724; x_wconf 83' lang='lat' dir='ltr'>perseverarent.</span> <span class='ocrx_word' id='word_1_56' title='bbox 699 677 753 712; x_wconf 86' lang='lat' dir='ltr'>At</span> <span class='ocrx_word' id='word_1_57' title='bbox 791 675 864 711; x_wconf 88' lang='lat' dir='ltr'>hoc</span> <span class='ocrx_word' id='word_1_58' title='bbox 900 676 1024 722; x_wconf 91' lang='lat' dir='ltr'>ipsum</span> 
     </span>
     <span class='ocr_line' id='line_1_11' title="bbox 82 728 1026 767; baseline -0.001 -3"><span class='ocrx_word' id='word_1_59' title='bbox 82 729 212 767; x_wconf 82' lang='lat' dir='ltr'>Breve</span> <span class='ocrx_word' id='word_1_60' title='bbox 231 731 386 766; x_wconf 82' lang='lat' dir='ltr'>occasio</span> <span class='ocrx_word' id='word_1_61' title='bbox 405 730 474 767; x_wconf 86' lang='lat' dir='ltr'>suit</span> <span class='ocrx_word' id='word_1_62' title='bbox 491 730 782 766; x_wconf 87' lang='lat' dir='ltr'>vehementium</span> <span class='ocrx_word' id='word_1_63' title='bbox 802 733 941 764; x_wconf 89' lang='lat' dir='ltr'>contra</span> <span class='ocrx_word' id='word_1_64' title='bbox 960 728 1026 764; x_wconf 89' lang='lat' dir='ltr'>Se-</span> 
     </span>
     <span class='ocr_line' id='line_1_12' title="bbox 83 781 1028 831; baseline -0.002 -13"><span class='ocrx_word' id='word_1_65' title='bbox 83 783 171 820; x_wconf 88' lang='lat' dir='ltr'>dem</span> <span class='ocrx_word' id='word_1_66' title='bbox 198 784 464 831; x_wconf 86' lang='lat' dir='ltr'>Apostolicam</span> <span class='ocrx_word' id='word_1_67' title='bbox 493 782 779 820; x_wconf 79' lang='lat' dir='ltr'>invectivarum</span> <span class='ocrx_word' id='word_1_68' title='bbox 808 782 845 817; x_wconf 93' lang='lat' dir='ltr'>in</span> <span class='ocrx_word' id='word_1_69' title='bbox 865 781 1028 829; x_wconf 87' lang='lat' dir='ltr'>publicis</span> 
     </span>
     <span class='ocr_line' id='line_1_13' title="bbox 86 834 1028 880; baseline -0.004 -8"><span class='ocrx_word' id='word_1_70' title='bbox 86 836 311 872; x_wconf 84' lang='lat' dir='ltr'>Lusitaniae</span> <span class='ocrx_word' id='word_1_71' title='bbox 337 837 532 879; x_wconf 83' lang='lat' dir='ltr'>Consiliis,</span> <span class='ocrx_word' id='word_1_72' title='bbox 558 847 635 872; x_wconf 88' lang='lat' dir='ltr'>non</span> <span class='ocrx_word' id='word_1_73' title='bbox 664 836 860 871; x_wconf 75' lang='lat' dir='ltr'>renitente</span> <span class='ocrx_word' id='word_1_74' title='bbox 887 834 1028 880; x_wconf 84' lang='lat' dir='ltr'>guber-</span> 
     </span>
     <span class='ocr_line' id='line_1_14' title="bbox 81 887 1028 936; baseline -0.002 -12"><span class='ocrx_word' id='word_1_75' title='bbox 81 889 146 924; x_wconf 91' lang='lat' dir='ltr'>nio</span> <span class='ocrx_word' id='word_1_76' title='bbox 166 917 175 932; x_wconf 81' lang='lat'>,</span> <span class='ocrx_word' id='word_1_77' title='bbox 203 893 243 926; x_wconf 90' lang='lat' dir='ltr'>et</span> <span class='ocrx_word' id='word_1_78' title='bbox 274 889 312 924; x_wconf 90' lang='lat' dir='ltr'>in</span> <span class='ocrx_word' id='word_1_79' title='bbox 352 890 488 926; x_wconf 89' lang='lat' dir='ltr'>iisdem</span> <span class='ocrx_word' id='word_1_80' title='bbox 508 919 516 932; x_wconf 96' lang='lat'>‚</span> <span class='ocrx_word' id='word_1_81' title='bbox 550 893 757 936; x_wconf 82' lang='lat' dir='ltr'>praetextu</span> <span class='ocrx_word' id='word_1_82' title='bbox 792 887 1028 935; x_wconf 83' lang='lat' dir='ltr'>praesertim</span> 
     </span>
     <span class='ocr_line' id='line_1_15' title="bbox 82 940 1026 990; baseline -0.003 -12"><span class='ocrx_word' id='word_1_83' title='bbox 82 945 314 989; x_wconf 85' lang='lat' dir='ltr'>patronatus</span> <span class='ocrx_word' id='word_1_84' title='bbox 341 943 417 978; x_wconf 87' lang='lat' dir='ltr'>iam</span> <span class='ocrx_word' id='word_1_85' title='bbox 443 953 564 990; x_wconf 90' lang='lat' dir='ltr'>supra</span> <span class='ocrx_word' id='word_1_86' title='bbox 591 940 1026 984; x_wconf 87' lang='lat' dir='ltr'>memorati‚decretum</span> 
     </span>
     <span class='ocr_line' id='line_1_16' title="bbox 82 993 1030 1042; baseline -0.002 -13"><span class='ocrx_word' id='word_1_87' title='bbox 82 995 167 1039; x_wconf 86' lang='lat' dir='ltr'>fuit,</span> <span class='ocrx_word' id='word_1_88' title='bbox 193 995 418 1042; x_wconf 89' lang='lat' dir='ltr'>episcopum</span> <span class='ocrx_word' id='word_1_89' title='bbox 441 1000 481 1032; x_wconf 90' lang='lat' dir='ltr'>et</span> <span class='ocrx_word' id='word_1_90' title='bbox 498 994 726 1031; x_wconf 83' lang='lat' dir='ltr'>sacerdotes</span> <span class='ocrx_word' id='word_1_91' title='bbox 752 994 790 1029; x_wconf 91' lang='lat' dir='ltr'>in</span> <span class='ocrx_word' id='word_1_92' title='bbox 817 993 936 1029; x_wconf 88' lang='lat' dir='ltr'>Brevi</span> <span class='ocrx_word' id='word_1_93' title='bbox 965 1004 1030 1027; x_wconf 91' lang='lat' dir='ltr'>no-</span> 
     </span>
     <span class='ocr_line' id='line_1_17' title="bbox 82 1047 1032 1094; baseline -0.004 -10"><span class='ocrx_word' id='word_1_94' title='bbox 82 1049 253 1084; x_wconf 89' lang='lat' dir='ltr'>minatos</span> <span class='ocrx_word' id='word_1_95' title='bbox 287 1049 383 1085; x_wconf 89' lang='lat' dir='ltr'>bene</span> <span class='ocrx_word' id='word_1_96' title='bbox 420 1049 609 1085; x_wconf 86' lang='lat' dir='ltr'>meruisse</span> <span class='ocrx_word' id='word_1_97' title='bbox 636 1047 683 1084; x_wconf 91' lang='lat' dir='ltr'>de</span> <span class='ocrx_word' id='word_1_98' title='bbox 707 1048 848 1094; x_wconf 87' lang='lat' dir='ltr'>patria.</span> <span class='ocrx_word' id='word_1_99' title='bbox 885 1047 1032 1083; x_wconf 84' lang='lat' dir='ltr'>Contra</span> 
     </span>
     <span class='ocr_line' id='line_1_18' title="bbox 84 1101 1033 1149; baseline -0.003 -12"><span class='ocrx_word' id='word_1_100' title='bbox 84 1101 284 1149; x_wconf 91' lang='lat' dir='ltr'>indignam</span> <span class='ocrx_word' id='word_1_101' title='bbox 300 1102 399 1138; x_wconf 91' lang='lat' dir='ltr'>hane</span> <span class='ocrx_word' id='word_1_102' title='bbox 419 1102 559 1149; x_wconf 88' lang='lat' dir='ltr'>agendi</span> <span class='ocrx_word' id='word_1_103' title='bbox 582 1101 776 1137; x_wconf 90' lang='lat' dir='ltr'>rationem</span> <span class='ocrx_word' id='word_1_104' title='bbox 793 1103 1033 1147; x_wconf 77' lang='lat' dir='ltr'>protestatus</span> 
     </span>
     <span class='ocr_line' id='line_1_19' title="bbox 83 1152 1032 1203; baseline -0.004 -12"><span class='ocrx_word' id='word_1_105' title='bbox 83 1159 145 1192; x_wconf 88' lang='lat' dir='ltr'>est</span> <span class='ocrx_word' id='word_1_106' title='bbox 160 1155 325 1191; x_wconf 88' lang='lat' dir='ltr'>nuncius</span> <span class='ocrx_word' id='word_1_107' title='bbox 352 1155 588 1203; x_wconf 86' lang='lat' dir='ltr'>apostolicus</span> <span class='ocrx_word' id='word_1_108' title='bbox 605 1153 937 1201; x_wconf 64' lang='lat' dir='ltr'>Ul)·ssiponensis;</span> <span class='ocrx_word' id='word_1_109' title='bbox 957 1152 1032 1187; x_wconf 92' lang='lat' dir='ltr'>ele-</span> 
     </span>
     <span class='ocr_line' id='line_1_20' title="bbox 86 1206 1031 1257; baseline -0.005 -12"><span class='ocrx_word' id='word_1_110' title='bbox 86 1220 151 1245; x_wconf 90' lang='lat' dir='ltr'>rus</span> <span class='ocrx_word' id='word_1_111' title='bbox 169 1220 318 1257; x_wconf 88' lang='lat' dir='ltr'>quoque</span> <span class='ocrx_word' id='word_1_112' title='bbox 347 1209 571 1245; x_wconf 85' lang='lat' dir='ltr'>Lusitaniae</span> <span class='ocrx_word' id='word_1_113' title='bbox 598 1208 790 1255; x_wconf 84' lang='lat' dir='ltr'>publicam</span> <span class='ocrx_word' id='word_1_114' title='bbox 809 1206 928 1243; x_wconf 85' lang='lat' dir='ltr'>edidit</span> <span class='ocrx_word' id='word_1_115' title='bbox 947 1216 1031 1252; x_wconf 91' lang='lat' dir='ltr'>pro—</span> 
     </span>
     <span class='ocr_line' id='line_1_21' title="bbox 87 1260 1036 1309; baseline -0.005 -9"><span class='ocrx_word' id='word_1_116' title='bbox 87 1265 352 1306; x_wconf 84' lang='lat' dir='ltr'>testationem,</span> <span class='ocrx_word' id='word_1_117' title='bbox 373 1263 433 1299; x_wconf 87' lang='lat' dir='ltr'>cui</span> <span class='ocrx_word' id='word_1_118' title='bbox 460 1262 778 1309; x_wconf 87' lang='lat' dir='ltr'>subscripserunt</span> <span class='ocrx_word' id='word_1_119' title='bbox 804 1260 1036 1296; x_wconf 86' lang='lat' dir='ltr'>illustriores</span> 
     </span>
     <span class='ocr_line' id='line_1_22' title="bbox 86 1314 1035 1363; baseline -0.005 -9"><span class='ocrx_word' id='word_1_120' title='bbox 86 1318 259 1354; x_wconf 87' lang='lat' dir='ltr'>familiae</span> <span class='ocrx_word' id='word_1_121' title='bbox 278 1346 286 1359; x_wconf 86' lang='lat'>,</span> <span class='ocrx_word' id='word_1_122' title='bbox 316 1329 362 1353; x_wconf 90' lang='lat' dir='ltr'>ac</span> <span class='ocrx_word' id='word_1_123' title='bbox 397 1317 507 1353; x_wconf 90' lang='lat' dir='ltr'>multi</span> <span class='ocrx_word' id='word_1_124' title='bbox 538 1316 585 1352; x_wconf 92' lang='lat' dir='ltr'>de</span> <span class='ocrx_word' id='word_1_125' title='bbox 619 1316 762 1363; x_wconf 92' lang='lat' dir='ltr'>populo</span> <span class='ocrx_word' id='word_1_126' title='bbox 794 1314 1035 1351; x_wconf 85' lang='lat' dir='ltr'>Lusitaniae-</span> 
     </span>
     <span class='ocr_line' id='line_1_23' title="bbox 86 1368 1036 1417; baseline -0.006 -9"><span class='ocrx_word' id='word_1_127' title='bbox 86 1373 235 1409; x_wconf 86' lang='lat' dir='ltr'>Coutra</span> <span class='ocrx_word' id='word_1_128' title='bbox 259 1382 355 1407; x_wconf 90' lang='lat' dir='ltr'>vero</span> <span class='ocrx_word' id='word_1_129' title='bbox 383 1382 452 1417; x_wconf 88' lang='lat' dir='ltr'>per</span> <span class='ocrx_word' id='word_1_130' title='bbox 479 1374 569 1406; x_wconf 90' lang='lat' dir='ltr'>acta</span> <span class='ocrx_word' id='word_1_131' title='bbox 594 1369 775 1416; x_wconf 82' lang='lat' dir='ltr'>gubernii</span> <span class='ocrx_word' id='word_1_132' title='bbox 801 1373 839 1405; x_wconf 84' lang='lat' dir='ltr'>et</span> <span class='ocrx_word' id='word_1_133' title='bbox 868 1368 1036 1416; x_wconf 88' lang='lat' dir='ltr'>publico-</span> 
     </span>
     <span class='ocr_line' id='line_1_24' title="bbox 86 1421 1034 1462; baseline -0.005 -2"><span class='ocrx_word' id='word_1_134' title='bbox 86 1436 174 1461; x_wconf 88' lang='lat' dir='ltr'>rum</span> <span class='ocrx_word' id='word_1_135' title='bbox 200 1424 458 1462; x_wconf 87' lang='lat' dir='ltr'>Consiliorum</span> <span class='ocrx_word' id='word_1_136' title='bbox 488 1424 615 1460; x_wconf 82' lang='lat' dir='ltr'>crevit</span> <span class='ocrx_word' id='word_1_137' title='bbox 634 1422 977 1459; x_wconf 87' lang='lat' dir='ltr'>schismaticorum</span> <span class='ocrx_word' id='word_1_138' title='bbox 997 1421 1034 1455; x_wconf 91' lang='lat' dir='ltr'>in</span> 
     </span>
     <span class='ocr_line' id='line_1_25' title="bbox 88 1477 529 1526; baseline -0.009 -12"><span class='ocrx_word' id='word_1_139' title='bbox 88 1479 181 1526; x_wconf 90' lang='lat' dir='ltr'>ipsis</span> <span class='ocrx_word' id='word_1_140' title='bbox 207 1479 324 1514; x_wconf 91' lang='lat' dir='ltr'>Indiis</span> <span class='ocrx_word' id='word_1_141' title='bbox 350 1477 529 1514; x_wconf 88' lang='lat' dir='ltr'>audacia.</span> 
     </span>
    </p>

    <p class='ocr_par' dir='ltr' id='par_1_3' title="bbox 88 1529 1058 3297">
     <span class='ocr_line' id='line_1_26' title="bbox 136 1529 1037 1578; baseline -0.006 -9"><span class='ocrx_word' id='word_1_142' title='bbox 136 1534 266 1574; x_wconf 85' lang='lat' dir='ltr'>Quum</span> <span class='ocrx_word' id='word_1_143' title='bbox 293 1537 426 1569; x_wconf 88' lang='lat' dir='ltr'>tamen</span> <span class='ocrx_word' id='word_1_144' title='bbox 453 1532 491 1567; x_wconf 91' lang='lat' dir='ltr'>in</span> <span class='ocrx_word' id='word_1_145' title='bbox 518 1532 722 1568; x_wconf 80' lang='lat' dir='ltr'>Lusitania</span> <span class='ocrx_word' id='word_1_146' title='bbox 755 1530 927 1578; x_wconf 87' lang='lat' dir='ltr'>quotidie</span> <span class='ocrx_word' id='word_1_147' title='bbox 962 1529 1037 1565; x_wconf 84' lang='lat' dir='ltr'>fre-</span> 
     </span>
     <span class='ocr_line' id='line_1_27' title="bbox 88 1585 1037 1634; baseline -0.005 -11"><span class='ocrx_word' id='word_1_148' title='bbox 88 1587 314 1634; x_wconf 84' lang='lat' dir='ltr'>quentiores</span> <span class='ocrx_word' id='word_1_149' title='bbox 334 1586 477 1622; x_wconf 90' lang='lat' dir='ltr'>fierent</span> <span class='ocrx_word' id='word_1_150' title='bbox 495 1585 591 1621; x_wconf 92' lang='lat' dir='ltr'>cleri</span> <span class='ocrx_word' id='word_1_151' title='bbox 610 1585 815 1632; x_wconf 80' lang='lat' dir='ltr'>populique</span> <span class='ocrx_word' id='word_1_152' title='bbox 837 1595 906 1630; x_wconf 90' lang='lat' dir='ltr'>pro</span> <span class='ocrx_word' id='word_1_153' title='bbox 925 1587 1037 1619; x_wconf 88' lang='lat' dir='ltr'>recta</span> 
     </span>
     <span class='ocr_line' id='line_1_28' title="bbox 89 1637 1039 1676; baseline -0.005 0"><span class='ocrx_word' id='word_1_154' title='bbox 89 1640 268 1676; x_wconf 89' lang='lat' dir='ltr'>doctrina</span> <span class='ocrx_word' id='word_1_155' title='bbox 292 1645 332 1676; x_wconf 92' lang='lat' dir='ltr'>et</span> <span class='ocrx_word' id='word_1_156' title='bbox 359 1639 526 1674; x_wconf 82' lang='lat' dir='ltr'>Romani</span> <span class='ocrx_word' id='word_1_157' title='bbox 561 1638 764 1674; x_wconf 80' lang='lat' dir='ltr'>Pontificis</span> <span class='ocrx_word' id='word_1_158' title='bbox 799 1637 1039 1673; x_wconf 76' lang='lat' dir='ltr'>auctoritate</span> 
     </span>
     <span class='ocr_line' id='line_1_29' title="bbox 91 1689 1040 1738; baseline -0.006 -8"><span class='ocrx_word' id='word_1_159' title='bbox 91 1693 396 1730; x_wconf 84' lang='lat' dir='ltr'>reclamationes</span> <span class='ocrx_word' id='word_1_160' title='bbox 415 1692 463 1727; x_wconf 90' lang='lat' dir='ltr'>ad</span> <span class='ocrx_word' id='word_1_161' title='bbox 483 1692 732 1738; x_wconf 83' lang='lat' dir='ltr'>gubernium,</span> <span class='ocrx_word' id='word_1_162' title='bbox 753 1701 848 1738; x_wconf 91' lang='lat' dir='ltr'>quas</span> <span class='ocrx_word' id='word_1_163' title='bbox 868 1690 938 1725; x_wconf 88' lang='lat' dir='ltr'>hoc</span> <span class='ocrx_word' id='word_1_164' title='bbox 959 1689 1040 1725; x_wconf 86' lang='lat' dir='ltr'>fru-</span> 
     </span>
     <span class='ocr_line' id='line_1_30' title="bbox 91 1743 1038 1792; baseline -0.004 -10"><span class='ocrx_word' id='word_1_165' title='bbox 91 1752 177 1782; x_wconf 83' lang='lat' dir='ltr'>stra</span> <span class='ocrx_word' id='word_1_166' title='bbox 207 1746 423 1782; x_wconf 84' lang='lat' dir='ltr'>conabatur</span> <span class='ocrx_word' id='word_1_167' title='bbox 451 1745 684 1792; x_wconf 75' lang='lat' dir='ltr'>ieprimere,</span> <span class='ocrx_word' id='word_1_168' title='bbox 714 1743 870 1779; x_wconf 90' lang='lat' dir='ltr'>tandem</span> <span class='ocrx_word' id='word_1_169' title='bbox 899 1743 1038 1789; x_wconf 85' lang='lat' dir='ltr'>guber-</span> 
     </span>
     <span class='ocr_line' id='line_1_31' title="bbox 92 1796 1042 1844; baseline -0.006 -8"><span class='ocrx_word' id='word_1_170' title='bbox 92 1801 212 1843; x_wconf 89' lang='lat' dir='ltr'>nium,</span> <span class='ocrx_word' id='word_1_171' title='bbox 242 1801 412 1836; x_wconf 83' lang='lat' dir='ltr'>instante</span> <span class='ocrx_word' id='word_1_172' title='bbox 441 1799 541 1834; x_wconf 86' lang='lat' dir='ltr'>Sede</span> <span class='ocrx_word' id='word_1_173' title='bbox 561 1797 804 1844; x_wconf 84' lang='lat' dir='ltr'>Apostolica,</span> <span class='ocrx_word' id='word_1_174' title='bbox 834 1796 1042 1842; x_wconf 86' lang='lat' dir='ltr'>resumpsit</span> 
     </span>
     <span class='ocr_line' id='line_1_32' title="bbox 93 1850 1041 1900; baseline -0.006 -11"><span class='ocrx_word' id='word_1_175' title='bbox 93 1853 398 1900; x_wconf 81' lang='lat' dir='ltr'>negotiationem</span> <span class='ocrx_word' id='word_1_176' title='bbox 427 1852 504 1887; x_wconf 87' lang='lat' dir='ltr'>iam</span> <span class='ocrx_word' id='word_1_177' title='bbox 532 1851 595 1886; x_wconf 88' lang='lat' dir='ltr'>diu</span> <span class='ocrx_word' id='word_1_178' title='bbox 615 1859 814 1898; x_wconf 85' lang='lat' dir='ltr'>coeptam,</span> <span class='ocrx_word' id='word_1_179' title='bbox 833 1850 901 1885; x_wconf 86' lang='lat' dir='ltr'>sed</span> <span class='ocrx_word' id='word_1_180' title='bbox 927 1850 975 1884; x_wconf 84' lang='lat' dir='ltr'>ab</span> <span class='ocrx_word' id='word_1_181' title='bbox 994 1860 1041 1884; x_wconf 90' lang='lat' dir='ltr'>eo</span> 
     </span>
     <span class='ocr_line' id='line_1_33' title="bbox 92 1902 1043 1954; baseline -0.007 -10"><span class='ocrx_word' id='word_1_182' title='bbox 92 1918 250 1954; x_wconf 89' lang='lat' dir='ltr'>semper</span> <span class='ocrx_word' id='word_1_183' title='bbox 275 1911 536 1954; x_wconf 78' lang='lat' dir='ltr'>protractam,</span> <span class='ocrx_word' id='word_1_184' title='bbox 554 1905 600 1940; x_wconf 92' lang='lat' dir='ltr'>de</span> <span class='ocrx_word' id='word_1_185' title='bbox 630 1908 862 1952; x_wconf 86' lang='lat' dir='ltr'>patronatus</span> <span class='ocrx_word' id='word_1_186' title='bbox 890 1903 928 1938; x_wconf 91' lang='lat' dir='ltr'>in</span> <span class='ocrx_word' id='word_1_187' title='bbox 948 1902 1043 1950; x_wconf 90' lang='lat' dir='ltr'>ipsis</span> 
     </span>
     <span class='ocr_line' id='line_1_34' title="bbox 95 1956 1044 2007; baseline -0.005 -11"><span class='ocrx_word' id='word_1_188' title='bbox 95 1961 319 2007; x_wconf 82' lang='lat' dir='ltr'>regionibus</span> <span class='ocrx_word' id='word_1_189' title='bbox 349 1959 618 1995; x_wconf 85' lang='lat' dir='ltr'>Orientalibus</span> <span class='ocrx_word' id='word_1_190' title='bbox 652 1957 778 1993; x_wconf 90' lang='lat' dir='ltr'>adhuc</span> <span class='ocrx_word' id='word_1_191' title='bbox 814 1956 1044 1992; x_wconf 86' lang='lat' dir='ltr'>Lusitaniae</span> 
     </span>
     <span class='ocr_line' id='line_1_35' title="bbox 95 2011 1046 2058; baseline -0.005 -8"><span class='ocrx_word' id='word_1_192' title='bbox 95 2014 257 2050; x_wconf 88' lang='lat' dir='ltr'>subditis</span> <span class='ocrx_word' id='word_1_193' title='bbox 283 2014 492 2050; x_wconf 86' lang='lat' dir='ltr'>exercitio.</span> <span class='ocrx_word' id='word_1_194' title='bbox 519 2013 560 2048; x_wconf 93' lang='lat' dir='ltr'>In</span> <span class='ocrx_word' id='word_1_195' title='bbox 588 2013 648 2048; x_wconf 91' lang='lat' dir='ltr'>his</span> <span class='ocrx_word' id='word_1_196' title='bbox 667 2012 769 2048; x_wconf 87' lang='lat' dir='ltr'>enim</span> <span class='ocrx_word' id='word_1_197' title='bbox 791 2011 885 2058; x_wconf 84' lang='lat' dir='ltr'>ipsis</span> <span class='ocrx_word' id='word_1_198' title='bbox 907 2011 1046 2057; x_wconf 86' lang='lat' dir='ltr'>guber-</span> 
     </span>
     <span class='ocr_line' id='line_1_36' title="bbox 97 2065 1046 2111; baseline -0.004 -8"><span class='ocrx_word' id='word_1_199' title='bbox 97 2069 202 2103; x_wconf 85' lang='lat' dir='ltr'>uium</span> <span class='ocrx_word' id='word_1_200' title='bbox 238 2069 316 2104; x_wconf 89' lang='lat' dir='ltr'>iam</span> <span class='ocrx_word' id='word_1_201' title='bbox 345 2067 407 2103; x_wconf 91' lang='lat' dir='ltr'>diu</span> <span class='ocrx_word' id='word_1_202' title='bbox 434 2077 510 2102; x_wconf 89' lang='lat' dir='ltr'>non</span> <span class='ocrx_word' id='word_1_203' title='bbox 543 2066 780 2111; x_wconf 85' lang='lat' dir='ltr'>fungebatur</span> <span class='ocrx_word' id='word_1_204' title='bbox 806 2065 944 2100; x_wconf 83' lang='lat' dir='ltr'>officiis</span> <span class='ocrx_word' id='word_1_205' title='bbox 980 2075 1046 2111; x_wconf 84' lang='lat' dir='ltr'>pa-</span> 
     </span>
     <span class='ocr_line' id='line_1_37' title="bbox 102 2118 1048 2164; baseline -0.005 -7"><span class='ocrx_word' id='word_1_206' title='bbox 102 2122 273 2157; x_wconf 88' lang='lat' dir='ltr'>tronatui</span> <span class='ocrx_word' id='word_1_207' title='bbox 311 2120 604 2156; x_wconf 81' lang='lat' dir='ltr'>inhaerentibus</span> <span class='ocrx_word' id='word_1_208' title='bbox 637 2124 677 2155; x_wconf 88' lang='lat' dir='ltr'>et</span> <span class='ocrx_word' id='word_1_209' title='bbox 704 2130 726 2154; x_wconf 91' lang='lat' dir='ltr'>a</span> <span class='ocrx_word' id='word_1_210' title='bbox 755 2118 913 2164; x_wconf 85' lang='lat' dir='ltr'>regibus</span> <span class='ocrx_word' id='word_1_211' title='bbox 939 2119 1048 2153; x_wconf 90' lang='lat' dir='ltr'>Lusi-</span> 
     </span>
     <span class='ocr_line' id='line_1_38' title="bbox 100 2172 1046 2220; baseline -0.006 -9"><span class='ocrx_word' id='word_1_212' title='bbox 100 2176 234 2212; x_wconf 84' lang='lat' dir='ltr'>taniae</span> <span class='ocrx_word' id='word_1_213' title='bbox 269 2175 359 2210; x_wconf 89' lang='lat' dir='ltr'>olim</span> <span class='ocrx_word' id='word_1_214' title='bbox 387 2173 613 2220; x_wconf 82' lang='lat' dir='ltr'>assumptis,</span> <span class='ocrx_word' id='word_1_215' title='bbox 642 2178 682 2209; x_wconf 88' lang='lat' dir='ltr'>et</span> <span class='ocrx_word' id='word_1_216' title='bbox 702 2172 929 2218; x_wconf 86' lang='lat' dir='ltr'>longissimo</span> <span class='ocrx_word' id='word_1_217' title='bbox 951 2175 1046 2206; x_wconf 89' lang='lat' dir='ltr'>tem-</span> 
     </span>
     <span class='ocr_line' id='line_1_39' title="bbox 100 2226 1046 2277; baseline -0.005 -13"><span class='ocrx_word' id='word_1_218' title='bbox 100 2240 195 2277; x_wconf 87' lang='lat' dir='ltr'>pore</span> <span class='ocrx_word' id='word_1_219' title='bbox 237 2228 351 2265; x_wconf 90' lang='lat' dir='ltr'>sedes</span> <span class='ocrx_word' id='word_1_220' title='bbox 389 2227 633 2274; x_wconf 88' lang='lat' dir='ltr'>episcopales</span> <span class='ocrx_word' id='word_1_221' title='bbox 664 2226 870 2261; x_wconf 83' lang='lat' dir='ltr'>vacabant.</span> <span class='ocrx_word' id='word_1_222' title='bbox 908 2226 1046 2262; x_wconf 88' lang='lat' dir='ltr'>Clerus</span> 
     </span>
     <span class='ocr_line' id='line_1_40' title="bbox 101 2279 1048 2330; baseline -0.006 -11"><span class='ocrx_word' id='word_1_223' title='bbox 101 2294 276 2330; x_wconf 88' lang='lat' dir='ltr'>quoque,</span> <span class='ocrx_word' id='word_1_224' title='bbox 304 2282 382 2329; x_wconf 85' lang='lat' dir='ltr'>qui,</span> <span class='ocrx_word' id='word_1_225' title='bbox 414 2282 505 2317; x_wconf 89' lang='lat' dir='ltr'>licet</span> <span class='ocrx_word' id='word_1_226' title='bbox 529 2281 656 2316; x_wconf 85' lang='lat' dir='ltr'>officio</span> <span class='ocrx_word' id='word_1_227' title='bbox 683 2279 878 2326; x_wconf 82' lang='lat' dir='ltr'>implendo</span> <span class='ocrx_word' id='word_1_228' title='bbox 906 2279 1048 2325; x_wconf 80' lang='lat' dir='ltr'>impar,</span> 
     </span>
     <span class='ocr_line' id='line_1_41' title="bbox 100 2332 1049 2383; baseline -0.005 -11"><span class='ocrx_word' id='word_1_229' title='bbox 100 2348 258 2383; x_wconf 83' lang='lat' dir='ltr'>semper</span> <span class='ocrx_word' id='word_1_230' title='bbox 295 2336 495 2372; x_wconf 80' lang='lat' dir='ltr'>restiterat</span> <span class='ocrx_word' id='word_1_231' title='bbox 522 2334 781 2371; x_wconf 73' lang='lat' dir='ltr'>miss-ionariis</span> <span class='ocrx_word' id='word_1_232' title='bbox 815 2344 839 2368; x_wconf 87' lang='lat' dir='ltr'>a</span> <span class='ocrx_word' id='word_1_233' title='bbox 872 2332 973 2369; x_wconf 84' lang='lat' dir='ltr'>Sede</span> <span class='ocrx_word' id='word_1_234' title='bbox 1001 2333 1049 2366; x_wconf 84' lang='lat' dir='ltr'>A-</span> 
     </span>
     <span class='ocr_line' id='line_1_42' title="bbox 103 2387 1051 2436; baseline -0.004 -11"><span class='ocrx_word' id='word_1_235' title='bbox 103 2390 294 2436; x_wconf 88' lang='lat' dir='ltr'>postolica</span> <span class='ocrx_word' id='word_1_236' title='bbox 334 2389 381 2424; x_wconf 88' lang='lat' dir='ltr'>ad</span> <span class='ocrx_word' id='word_1_237' title='bbox 420 2393 553 2436; x_wconf 89' lang='lat' dir='ltr'>partes</span> <span class='ocrx_word' id='word_1_238' title='bbox 592 2388 818 2424; x_wconf 89' lang='lat' dir='ltr'>Orientales</span> <span class='ocrx_word' id='word_1_239' title='bbox 851 2387 1051 2422; x_wconf 86' lang='lat' dir='ltr'>transmis-</span> 
     </span>
     <span class='ocr_line' id='line_1_43' title="bbox 101 2440 1052 2487; baseline -0.005 -8"><span class='ocrx_word' id='word_1_240' title='bbox 101 2443 168 2487; x_wconf 86' lang='lat' dir='ltr'>sis,</span> <span class='ocrx_word' id='word_1_241' title='bbox 190 2443 267 2479; x_wconf 90' lang='lat' dir='ltr'>iam</span> <span class='ocrx_word' id='word_1_242' title='bbox 295 2454 318 2478; x_wconf 88' lang='lat' dir='ltr'>a</span> <span class='ocrx_word' id='word_1_243' title='bbox 344 2442 491 2478; x_wconf 89' lang='lat' dir='ltr'>duobus</span> <span class='ocrx_word' id='word_1_244' title='bbox 517 2442 688 2478; x_wconf 88' lang='lat' dir='ltr'>saeculis</span> <span class='ocrx_word' id='word_1_245' title='bbox 714 2440 828 2476; x_wconf 91' lang='lat' dir='ltr'>valde</span> <span class='ocrx_word' id='word_1_246' title='bbox 848 2446 936 2476; x_wconf 84' lang='lat' dir='ltr'>erat</span> <span class='ocrx_word' id='word_1_247' title='bbox 954 2440 1052 2475; x_wconf 89' lang='lat' dir='ltr'>dila-</span> 
     </span>
     <span class='ocr_line' id='line_1_44' title="bbox 107 2494 1051 2545; baseline -0.004 -13"><span class='ocrx_word' id='word_1_248' title='bbox 107 2508 197 2545; x_wconf 89' lang='lat' dir='ltr'>psus</span> <span class='ocrx_word' id='word_1_249' title='bbox 223 2507 247 2532; x_wconf 91' lang='lat' dir='ltr'>a</span> <span class='ocrx_word' id='word_1_250' title='bbox 273 2501 384 2532; x_wconf 86' lang='lat' dir='ltr'>recta</span> <span class='ocrx_word' id='word_1_251' title='bbox 413 2495 630 2542; x_wconf 85' lang='lat' dir='ltr'>disciplina.</span> <span class='ocrx_word' id='word_1_252' title='bbox 659 2494 885 2530; x_wconf 80' lang='lat' dir='ltr'>Accedente</span> <span class='ocrx_word' id='word_1_253' title='bbox 919 2498 1051 2529; x_wconf 85' lang='lat' dir='ltr'>autem</span> 
     </span>
     <span class='ocr_line' id='line_1_45' title="bbox 106 2548 1052 2589; baseline -0.004 -3"><span class='ocrx_word' id='word_1_254' title='bbox 106 2552 184 2587; x_wconf 88' lang='lat' dir='ltr'>iarn</span> <span class='ocrx_word' id='word_1_255' title='bbox 212 2561 236 2586; x_wconf 93' lang='lat' dir='ltr'>a</span> <span class='ocrx_word' id='word_1_256' title='bbox 261 2550 338 2586; x_wconf 91' lang='lat' dir='ltr'>fine</span> <span class='ocrx_word' id='word_1_257' title='bbox 357 2550 506 2586; x_wconf 89' lang='lat' dir='ltr'>saeculi</span> <span class='ocrx_word' id='word_1_258' title='bbox 524 2549 632 2584; x_wconf 88' lang='lat' dir='ltr'>XVll</span> <span class='ocrx_word' id='word_1_259' title='bbox 654 2548 903 2584; x_wconf 79' lang='lat' dir='ltr'>schismatico</span> <span class='ocrx_word' id='word_1_260' title='bbox 920 2558 1052 2589; x_wconf 88' lang='lat' dir='ltr'>sensu,</span> 
     </span>
     <span class='ocr_line' id='line_1_46' title="bbox 105 2600 1053 2651; baseline -0.005 -11"><span class='ocrx_word' id='word_1_261' title='bbox 105 2604 168 2651; x_wconf 85' lang='lat' dir='ltr'>qui</span> <span class='ocrx_word' id='word_1_262' title='bbox 195 2605 378 2640; x_wconf 87' lang='lat' dir='ltr'>continuo</span> <span class='ocrx_word' id='word_1_263' title='bbox 407 2608 605 2644; x_wconf 86' lang='lat' dir='ltr'>creverat,</span> <span class='ocrx_word' id='word_1_264' title='bbox 627 2613 730 2644; x_wconf 85' lang='lat' dir='ltr'>mox,</span> <span class='ocrx_word' id='word_1_265' title='bbox 750 2613 826 2637; x_wconf 93' lang='lat' dir='ltr'>non</span> <span class='ocrx_word' id='word_1_266' title='bbox 853 2601 978 2636; x_wconf 90' lang='lat' dir='ltr'>solum</span> <span class='ocrx_word' id='word_1_267' title='bbox 998 2600 1053 2635; x_wconf 89' lang='lat' dir='ltr'>in-</span> 
     </span>
     <span class='ocr_line' id='line_1_47' title="bbox 109 2654 1055 2703; baseline -0.005 -9"><span class='ocrx_word' id='word_1_268' title='bbox 109 2664 171 2694; x_wconf 88' lang='lat' dir='ltr'>tra</span> <span class='ocrx_word' id='word_1_269' title='bbox 189 2658 403 2694; x_wconf 88' lang='lat' dir='ltr'>vicariatus</span> <span class='ocrx_word' id='word_1_270' title='bbox 421 2656 674 2703; x_wconf 82' lang='lat' dir='ltr'>apostolicos,</span> <span class='ocrx_word' id='word_1_271' title='bbox 693 2655 762 2691; x_wconf 89' lang='lat' dir='ltr'>sed</span> <span class='ocrx_word' id='word_1_272' title='bbox 781 2655 820 2690; x_wconf 91' lang='lat' dir='ltr'>in</span> <span class='ocrx_word' id='word_1_273' title='bbox 840 2654 933 2700; x_wconf 88' lang='lat' dir='ltr'>ipsis</span> <span class='ocrx_word' id='word_1_274' title='bbox 953 2654 1055 2689; x_wconf 90' lang='lat' dir='ltr'>dioe-</span> 
     </span>
     <span class='ocr_line' id='line_1_48' title="bbox 107 2707 1056 2757; baseline -0.006 -9"><span class='ocrx_word' id='word_1_275' title='bbox 107 2711 260 2748; x_wconf 84' lang='lat' dir='ltr'>cesibus</span> <span class='ocrx_word' id='word_1_276' title='bbox 288 2711 494 2757; x_wconf 85' lang='lat' dir='ltr'>regionum</span> <span class='ocrx_word' id='word_1_277' title='bbox 515 2709 775 2745; x_wconf 88' lang='lat' dir='ltr'>Orientalium</span> <span class='ocrx_word' id='word_1_278' title='bbox 803 2707 927 2743; x_wconf 86' lang='lat' dir='ltr'>adhuc</span> <span class='ocrx_word' id='word_1_279' title='bbox 948 2707 1056 2743; x_wconf 84' lang='lat' dir='ltr'>Lusi-</span> 
     </span>
     <span class='ocr_line' id='line_1_49' title="bbox 109 2761 1056 2807; baseline -0.003 -7"><span class='ocrx_word' id='word_1_280' title='bbox 109 2765 211 2801; x_wconf 89' lang='lat' dir='ltr'>tanis</span> <span class='ocrx_word' id='word_1_281' title='bbox 223 2764 482 2806; x_wconf 89' lang='lat' dir='ltr'>subditarum,</span> <span class='ocrx_word' id='word_1_282' title='bbox 498 2763 605 2798; x_wconf 87' lang='lat' dir='ltr'>multi</span> <span class='ocrx_word' id='word_1_283' title='bbox 623 2762 671 2798; x_wconf 86' lang='lat' dir='ltr'>ad</span> <span class='ocrx_word' id='word_1_284' title='bbox 686 2761 908 2798; x_wconf 88' lang='lat' dir='ltr'>schismatis</span> <span class='ocrx_word' id='word_1_285' title='bbox 924 2767 1056 2807; x_wconf 90' lang='lat' dir='ltr'>partes</span> 
     </span>
     <span class='ocr_line' id='line_1_50' title="bbox 108 2815 1054 2864; baseline -0.005 -10"><span class='ocrx_word' id='word_1_286' title='bbox 108 2819 386 2860; x_wconf 79' lang='lat' dir='ltr'>desciverant,</span> <span class='ocrx_word' id='word_1_287' title='bbox 425 2817 598 2864; x_wconf 84' lang='lat' dir='ltr'>clerique</span> <span class='ocrx_word' id='word_1_288' title='bbox 631 2821 671 2852; x_wconf 86' lang='lat' dir='ltr'>et</span> <span class='ocrx_word' id='word_1_289' title='bbox 696 2815 826 2863; x_wconf 88' lang='lat' dir='ltr'>populi</span> <span class='ocrx_word' id='word_1_290' title='bbox 860 2826 991 2851; x_wconf 85' lang='lat' dir='ltr'>mores</span> <span class='ocrx_word' id='word_1_291' title='bbox 1018 2817 1054 2850; x_wconf 89' lang='lat' dir='ltr'>in</span> 
     </span>
     <span class='ocr_line' id='line_1_51' title="bbox 109 2868 1056 2920; baseline -0.004 -12"><span class='ocrx_word' id='word_1_292' title='bbox 109 2872 393 2920; x_wconf 89' lang='lat' dir='ltr'>deplorandum</span> <span class='ocrx_word' id='word_1_293' title='bbox 421 2875 563 2906; x_wconf 87' lang='lat' dir='ltr'>statum</span> <span class='ocrx_word' id='word_1_294' title='bbox 594 2869 752 2904; x_wconf 83' lang='lat' dir='ltr'>fuerant</span> <span class='ocrx_word' id='word_1_295' title='bbox 779 2868 960 2903; x_wconf 86' lang='lat' dir='ltr'>coniecti.</span> <span class='ocrx_word' id='word_1_296' title='bbox 983 2869 1056 2904; x_wconf 86' lang='lat' dir='ltr'>Re-</span> 
     </span>
     <span class='ocr_line' id='line_1_52' title="bbox 111 2922 1058 2973; baseline -0.005 -11"><span class='ocrx_word' id='word_1_297' title='bbox 111 2930 268 2973; x_wconf 87' lang='lat' dir='ltr'>sumpta</span> <span class='ocrx_word' id='word_1_298' title='bbox 295 2925 429 2972; x_wconf 88' lang='lat' dir='ltr'>igitur,</span> <span class='ocrx_word' id='word_1_299' title='bbox 448 2934 560 2970; x_wconf 90' lang='lat' dir='ltr'>quam</span> <span class='ocrx_word' id='word_1_300' title='bbox 591 2933 711 2969; x_wconf 86' lang='lat' dir='ltr'>supra</span> <span class='ocrx_word' id='word_1_301' title='bbox 735 2922 920 2965; x_wconf 80' lang='lat' dir='ltr'>diximus,</span> <span class='ocrx_word' id='word_1_302' title='bbox 940 2933 1058 2968; x_wconf 87' lang='lat' dir='ltr'>nego-</span> 
     </span>
     <span class='ocr_line' id='line_1_53' title="bbox 113 2976 1058 3021; baseline -0.003 -6"><span class='ocrx_word' id='word_1_303' title='bbox 113 2980 273 3015; x_wconf 87' lang='lat' dir='ltr'>tiatione</span> <span class='ocrx_word' id='word_1_304' title='bbox 294 3008 302 3021; x_wconf 92' lang='lat'>‚</span> <span class='ocrx_word' id='word_1_305' title='bbox 334 2978 488 3015; x_wconf 89' lang='lat' dir='ltr'>tandem</span> <span class='ocrx_word' id='word_1_306' title='bbox 526 2988 628 3012; x_wconf 87' lang='lat' dir='ltr'>anno</span> <span class='ocrx_word' id='word_1_307' title='bbox 657 2976 748 3012; x_wconf 80' lang='lat'>1857</span> <span class='ocrx_word' id='word_1_308' title='bbox 785 2976 888 3011; x_wconf 86' lang='lat' dir='ltr'>inter</span> <span class='ocrx_word' id='word_1_309' title='bbox 920 2976 1058 3021; x_wconf 87' lang='lat' dir='ltr'>guber-</span> 
     </span>
     <span class='ocr_line' id='line_1_54' title="bbox 113 3029 1055 3074; baseline -0.003 -6"><span class='ocrx_word' id='word_1_310' title='bbox 113 3034 218 3069; x_wconf 91' lang='lat' dir='ltr'>nium</span> <span class='ocrx_word' id='word_1_311' title='bbox 246 3034 514 3069; x_wconf 89' lang='lat' dir='ltr'>Lusitanicum</span> <span class='ocrx_word' id='word_1_312' title='bbox 535 3039 574 3067; x_wconf 84' lang='lat' dir='ltr'>et</span> <span class='ocrx_word' id='word_1_313' title='bbox 593 3029 775 3065; x_wconf 87' lang='lat' dir='ltr'>nuncium</span> <span class='ocrx_word' id='word_1_314' title='bbox 797 3029 1055 3074; x_wconf 90' lang='lat' dir='ltr'>apostolicum</span> 
     </span>
     <span class='ocr_line' id='line_1_55' title="bbox 113 3082 1057 3135; baseline -0.004 -12"><span class='ocrx_word' id='word_1_315' title='bbox 113 3087 461 3135; x_wconf 80' lang='lat' dir='ltr'>Ulyssiponensem</span> <span class='ocrx_word' id='word_1_316' title='bbox 504 3085 608 3120; x_wconf 88' lang='lat' dir='ltr'>facta</span> <span class='ocrx_word' id='word_1_317' title='bbox 641 3082 715 3118; x_wconf 87' lang='lat' dir='ltr'>fuit</span> <span class='ocrx_word' id='word_1_318' title='bbox 757 3082 965 3118; x_wconf 91' lang='lat' dir='ltr'>conventio</span> <span class='ocrx_word' id='word_1_319' title='bbox 1009 3084 1057 3119; x_wconf 88' lang='lat' dir='ltr'>ad</span> 
     </span>
     <span class='ocr_line' id='line_1_56' title="bbox 110 3136 1054 3183; baseline -0.007 -3"><span class='ocrx_word' id='word_1_320' title='bbox 110 3141 311 3180; x_wconf 81' lang='lat' dir='ltr'>definitive</span> <span class='ocrx_word' id='word_1_321' title='bbox 346 3141 554 3177; x_wconf 80' lang='lat' dir='ltr'>solvendas</span> <span class='ocrx_word' id='word_1_322' title='bbox 588 3136 838 3172; x_wconf 83' lang='lat' dir='ltr'>difficultates</span> <span class='ocrx_word' id='word_1_323' title='bbox 873 3140 1054 3183; x_wconf 87' lang='lat' dir='ltr'>patrona-</span> 
     </span>
     <span class='ocr_line' id='line_1_57' title="bbox 115 3191 1055 3242; baseline -0.003 -13"><span class='ocrx_word' id='word_1_324' title='bbox 115 3199 195 3229; x_wconf 90' lang='lat' dir='ltr'>tum</span> <span class='ocrx_word' id='word_1_325' title='bbox 217 3194 322 3230; x_wconf 92' lang='lat' dir='ltr'>illum</span> <span class='ocrx_word' id='word_1_326' title='bbox 339 3199 380 3231; x_wconf 91' lang='lat' dir='ltr'>et</span> <span class='ocrx_word' id='word_1_327' title='bbox 398 3194 643 3242; x_wconf 86' lang='lat' dir='ltr'>privilegium</span> <span class='ocrx_word' id='word_1_328' title='bbox 662 3192 964 3225; x_wconf 84' lang='lat' dir='ltr'>concernentes.</span> <span class='ocrx_word' id='word_1_329' title='bbox 984 3191 1055 3226; x_wconf 88' lang='lat' dir='ltr'>Ex-</span> 
     </span>
     <span class='ocr_line' id='line_1_58' title="bbox 118 3242 1056 3297; baseline -0.003 -15"><span class='ocrx_word' id='word_1_330' title='bbox 118 3247 205 3284; x_wconf 85' lang='lat' dir='ltr'>inde</span> <span class='ocrx_word' id='word_1_331' title='bbox 233 3253 386 3297; x_wconf 74' lang='lat' dir='ltr'>qujdem</span> <span class='ocrx_word' id='word_1_332' title='bbox 406 3249 557 3286; x_wconf 76' lang='lat' dir='ltr'>Vis-arii</span> <span class='ocrx_word' id='word_1_333' title='bbox 577 3243 791 3293; x_wconf 90' lang='lat' dir='ltr'>Apostolici</span> <span class='ocrx_word' id='word_1_334' title='bbox 811 3242 950 3279; x_wconf 86' lang='lat' dir='ltr'>maiori</span> <span class='ocrx_word' id='word_1_335' title='bbox 970 3256 1056 3281; x_wconf 91' lang='lat' dir='ltr'>cum</span> 
     </span>
    </p>
   </div>
   <div class='ocr_carea' id='block_1_3' title="bbox 1070 157 2057 2915">
    <p class='ocr_par' dir='ltr' id='par_1_4' title="bbox 1070 157 2027 871">
     <span class='ocr_line' id='line_1_59' title="bbox 1888 157 1966 196; baseline 0 0"><span class='ocrx_word' id='word_1_336' title='bbox 1888 157 1966 196; x_wconf 82' lang='lat'>357</span> 
     </span>
     <span class='ocr_line' id='line_1_60' title="bbox 1071 238 2019 294; baseline -0.012 -10"><span class='ocrx_word' id='word_1_337' title='bbox 1071 248 1306 284; x_wconf 84' lang='lat' dir='ltr'>auctoritate</span> <span class='ocrx_word' id='word_1_338' title='bbox 1340 250 1455 294; x_wconf 89' lang='lat' dir='ltr'>atque</span> <span class='ocrx_word' id='word_1_339' title='bbox 1493 252 1679 280; x_wconf 87' lang='lat' dir='ltr'>successu</span> <span class='ocrx_word' id='word_1_340' title='bbox 1718 239 1891 277; x_wconf 87' lang='lat' dir='ltr'>schisma</span> <span class='ocrx_word' id='word_1_341' title='bbox 1927 238 2019 274; x_wconf 88' lang='lat' dir='ltr'>illud</span> 
     </span>
     <span class='ocr_line' id='line_1_61' title="bbox 1070 293 2017 349; baseline -0.011 -12"><span class='ocrx_word' id='word_1_342' title='bbox 1070 312 1324 349; x_wconf 90' lang='lat' dir='ltr'>compescere</span> <span class='ocrx_word' id='word_1_343' title='bbox 1344 303 1526 347; x_wconf 87' lang='lat' dir='ltr'>potuere.</span> <span class='ocrx_word' id='word_1_344' title='bbox 1545 296 1624 332; x_wconf 85' lang='lat' dir='ltr'>Pro</span> <span class='ocrx_word' id='word_1_345' title='bbox 1644 293 1865 341; x_wconf 88' lang='lat' dir='ltr'>irreligioso</span> <span class='ocrx_word' id='word_1_346' title='bbox 1884 296 2017 329; x_wconf 86' lang='lat' dir='ltr'>tamen</span> 
     </span>
     <span class='ocr_line' id='line_1_62' title="bbox 1072 345 2018 401; baseline -0.012 -10"><span class='ocrx_word' id='word_1_347' title='bbox 1072 355 1313 401; x_wconf 89' lang='lat' dir='ltr'>publicorum</span> <span class='ocrx_word' id='word_1_348' title='bbox 1341 352 1605 390; x_wconf 91' lang='lat' dir='ltr'>Consiliorum</span> <span class='ocrx_word' id='word_1_349' title='bbox 1636 348 1878 396; x_wconf 86' lang='lat' dir='ltr'>pluriumque</span> <span class='ocrx_word' id='word_1_350' title='bbox 1898 345 2018 382; x_wconf 88' lang='lat' dir='ltr'>admi-</span> 
     </span>
     <span class='ocr_line' id='line_1_63' title="bbox 1072 399 2022 454; baseline -0.011 -10"><span class='ocrx_word' id='word_1_351' title='bbox 1072 409 1284 444; x_wconf 89' lang='lat' dir='ltr'>nistrorum</span> <span class='ocrx_word' id='word_1_352' title='bbox 1300 403 1672 454; x_wconf 78' lang='lat' dir='ltr'>spiritu‚identidem</span> <span class='ocrx_word' id='word_1_353' title='bbox 1690 401 1908 448; x_wconf 87' lang='lat' dir='ltr'>variaipsis</span> <span class='ocrx_word' id='word_1_354' title='bbox 1920 399 2022 436; x_wconf 86' lang='lat' dir='ltr'>exci-</span> 
     </span>
     <span class='ocr_line' id='line_1_64' title="bbox 1074 454 2022 504; baseline -0.009 -6"><span class='ocrx_word' id='word_1_355' title='bbox 1074 466 1157 498; x_wconf 87' lang='lat' dir='ltr'>tata</span> <span class='ocrx_word' id='word_1_356' title='bbox 1170 462 1279 498; x_wconf 80' lang='lat' dir='ltr'>suere</span> <span class='ocrx_word' id='word_1_357' title='bbox 1295 459 1642 504; x_wconf 80' lang='lat' dir='ltr'>obstacula.Atque</span> <span class='ocrx_word' id='word_1_358' title='bbox 1659 457 1713 492; x_wconf 88' lang='lat' dir='ltr'>ita</span> <span class='ocrx_word' id='word_1_359' title='bbox 1729 454 1821 491; x_wconf 89' lang='lat' dir='ltr'>illud</span> <span class='ocrx_word' id='word_1_360' title='bbox 1836 454 2022 496; x_wconf 85' lang='lat' dir='ltr'>schisma,</span> 
     </span>
     <span class='ocr_line' id='line_1_65' title="bbox 1073 507 2024 563; baseline -0.009 -12"><span class='ocrx_word' id='word_1_361' title='bbox 1073 515 1252 563; x_wconf 82' lang='lat' dir='ltr'>quamvis</span> <span class='ocrx_word' id='word_1_362' title='bbox 1266 514 1512 554; x_wconf 88' lang='lat' dir='ltr'>diminutum,</span> <span class='ocrx_word' id='word_1_363' title='bbox 1526 509 1692 546; x_wconf 89' lang='lat' dir='ltr'>nondum</span> <span class='ocrx_word' id='word_1_364' title='bbox 1710 513 1841 545; x_wconf 86' lang='lat' dir='ltr'>tamen</span> <span class='ocrx_word' id='word_1_365' title='bbox 1866 507 2024 555; x_wconf 87' lang='lat' dir='ltr'>penitus</span> 
     </span>
     <span class='ocr_line' id='line_1_66' title="bbox 1075 561 2023 608; baseline -0.009 -4"><span class='ocrx_word' id='word_1_366' title='bbox 1075 568 1288 604; x_wconf 85' lang='lat' dir='ltr'>extinctum</span> <span class='ocrx_word' id='word_1_367' title='bbox 1317 572 1391 604; x_wconf 87' lang='lat' dir='ltr'>est.</span> <span class='ocrx_word' id='word_1_368' title='bbox 1420 566 1578 601; x_wconf 89' lang='lat' dir='ltr'>Mortuo</span> <span class='ocrx_word' id='word_1_369' title='bbox 1605 574 1700 600; x_wconf 89' lang='lat' dir='ltr'>vero</span> <span class='ocrx_word' id='word_1_370' title='bbox 1725 561 2023 608; x_wconf 87' lang='lat' dir='ltr'>archiepiscopo</span> 
     </span>
     <span class='ocr_line' id='line_1_67' title="bbox 1075 615 2022 668; baseline -0.011 -10"><span class='ocrx_word' id='word_1_371' title='bbox 1075 622 1211 658; x_wconf 87' lang='lat' dir='ltr'>Goano</span> <span class='ocrx_word' id='word_1_372' title='bbox 1238 622 1365 668; x_wconf 78' lang='lat' dir='ltr'>Ayres</span> <span class='ocrx_word' id='word_1_373' title='bbox 1390 618 1594 654; x_wconf 87' lang='lat' dir='ltr'>d&#39;Avellas</span> <span class='ocrx_word' id='word_1_374' title='bbox 1612 617 1659 652; x_wconf 86' lang='lat' dir='ltr'>de</span> <span class='ocrx_word' id='word_1_375' title='bbox 1677 615 1971 656; x_wconf 88' lang='lat' dir='ltr'>Vasconcellos,</span> <span class='ocrx_word' id='word_1_376' title='bbox 1999 623 2022 648; x_wconf 89' lang='lat' dir='ltr'>a</span> 
     </span>
     <span class='ocr_line' id='line_1_68' title="bbox 1077 667 2021 721; baseline -0.008 -11"><span class='ocrx_word' id='word_1_377' title='bbox 1077 675 1147 710; x_wconf 87' lang='lat' dir='ltr'>Pio</span> <span class='ocrx_word' id='word_1_378' title='bbox 1173 674 1245 721; x_wconf 87' lang='lat' dir='ltr'>Pp.</span> <span class='ocrx_word' id='word_1_379' title='bbox 1266 674 1319 710; x_wconf 83' lang='lat' dir='ltr'>lx</span> <span class='ocrx_word' id='word_1_380' title='bbox 1347 677 1482 709; x_wconf 89' lang='lat' dir='ltr'>creato</span> <span class='ocrx_word' id='word_1_381' title='bbox 1508 683 1573 707; x_wconf 89' lang='lat' dir='ltr'>an.</span> <span class='ocrx_word' id='word_1_382' title='bbox 1595 670 1700 712; x_wconf 86' lang='grc'>1874,</span> <span class='ocrx_word' id='word_1_383' title='bbox 1729 671 1809 705; x_wconf 92' lang='lat' dir='ltr'>Leo</span> <span class='ocrx_word' id='word_1_384' title='bbox 1828 668 1896 714; x_wconf 90' lang='lat' dir='ltr'>Pp.</span> <span class='ocrx_word' id='word_1_385' title='bbox 1916 667 2021 709; x_wconf 88' lang='lat' dir='ltr'>Xlll,</span> 
     </span>
     <span class='ocr_line' id='line_1_69' title="bbox 1077 723 2026 768; baseline -0.011 -3"><span class='ocrx_word' id='word_1_386' title='bbox 1077 739 1178 764; x_wconf 88' lang='lat' dir='ltr'>anno</span> <span class='ocrx_word' id='word_1_387' title='bbox 1195 727 1285 764; x_wconf 85' lang='lat'>1881</span> <span class='ocrx_word' id='word_1_388' title='bbox 1300 726 1540 764; x_wconf 88' lang='lat' dir='ltr'>Consistorio</span> <span class='ocrx_word' id='word_1_389' title='bbox 1556 725 1614 760; x_wconf 80' lang='lat' dir='ltr'>1x⁰</span> <span class='ocrx_word' id='word_1_390' title='bbox 1628 723 1710 759; x_wconf 91' lang='lat' dir='ltr'>idus</span> <span class='ocrx_word' id='word_1_391' title='bbox 1726 726 1896 768; x_wconf 88' lang='lat' dir='ltr'>august.‚</span> <span class='ocrx_word' id='word_1_392' title='bbox 1915 730 2026 756; x_wconf 90' lang='lat' dir='ltr'>crea-</span> 
     </span>
     <span class='ocr_line' id='line_1_70' title="bbox 1076 775 2027 829; baseline -0.007 -13"><span class='ocrx_word' id='word_1_393' title='bbox 1076 781 1131 818; x_wconf 89' lang='lat' dir='ltr'>vit</span> <span class='ocrx_word' id='word_1_394' title='bbox 1149 781 1373 829; x_wconf 79' lang='lat' dir='ltr'>episcopum</span> <span class='ocrx_word' id='word_1_395' title='bbox 1393 781 1570 816; x_wconf 88' lang='lat' dir='ltr'>Goanum</span> <span class='ocrx_word' id='word_1_396' title='bbox 1591 777 1802 813; x_wconf 84' lang='lat' dir='ltr'>Antonium</span> <span class='ocrx_word' id='word_1_397' title='bbox 1827 775 2027 811; x_wconf 87' lang='lat' dir='ltr'>Sebastia-</span> 
     </span>
     <span class='ocr_line' id='line_1_71' title="bbox 1079 834 1417 871; baseline -0.015 0"><span class='ocrx_word' id='word_1_398' title='bbox 1079 847 1170 871; x_wconf 86' lang='lat' dir='ltr'>num</span> <span class='ocrx_word' id='word_1_399' title='bbox 1199 834 1371 870; x_wconf 88' lang='lat' dir='ltr'>Valente</span> <span class='ocrx_word' id='word_1_400' title='bbox 1391 836 1417 866; x_wconf 90' lang='lat'>1.</span> 
     </span>
    </p>

    <p class='ocr_par' dir='ltr' id='par_1_5' title="bbox 1081 883 2057 2915">
     <span class='ocr_line' id='line_1_72' title="bbox 1126 883 2026 934; baseline -0.008 -10"><span class='ocrx_word' id='word_1_401' title='bbox 1126 888 1184 924; x_wconf 75' lang='lat'>52.</span> <span class='ocrx_word' id='word_1_402' title='bbox 1214 887 1264 922; x_wconf 85' lang='lat' dir='ltr'>In</span> <span class='ocrx_word' id='word_1_403' title='bbox 1291 886 1585 934; x_wconf 71' lang='lat' dir='ltr'>Hispania—In</span> <span class='ocrx_word' id='word_1_404' title='bbox 1606 884 1797 931; x_wconf 87' lang='lat' dir='ltr'>Hispania</span> <span class='ocrx_word' id='word_1_405' title='bbox 1815 883 1934 919; x_wconf 88' lang='lat' dir='ltr'>etiam</span> <span class='ocrx_word' id='word_1_406' title='bbox 1954 883 2026 918; x_wconf 88' lang='lat' dir='ltr'>Ec-</span> 
     </span>
     <span class='ocr_line' id='line_1_73' title="bbox 1081 936 2028 986; baseline -0.008 -8"><span class='ocrx_word' id='word_1_407' title='bbox 1081 941 1203 978; x_wconf 91' lang='lat' dir='ltr'>clesia</span> <span class='ocrx_word' id='word_1_408' title='bbox 1221 941 1390 976; x_wconf 88' lang='lat' dir='ltr'>motibus</span> <span class='ocrx_word' id='word_1_409' title='bbox 1408 939 1631 986; x_wconf 82' lang='lat' dir='ltr'>ingentibus</span> <span class='ocrx_word' id='word_1_410' title='bbox 1649 937 1818 973; x_wconf 87' lang='lat' dir='ltr'>obnoxia</span> <span class='ocrx_word' id='word_1_411' title='bbox 1834 936 1918 972; x_wconf 87' lang='lat' dir='ltr'>fuit.</span> <span class='ocrx_word' id='word_1_412' title='bbox 1934 936 2028 972; x_wconf 88' lang='lat' dir='ltr'>Fer-</span> 
     </span>
     <span class='ocr_line' id='line_1_74' title="bbox 1081 989 2028 1037; baseline -0.007 -6"><span class='ocrx_word' id='word_1_413' title='bbox 1081 994 1273 1031; x_wconf 89' lang='lat' dir='ltr'>dinandus</span> <span class='ocrx_word' id='word_1_414' title='bbox 1300 1005 1371 1030; x_wconf 80' lang='lat' dir='ltr'>rex</span> <span class='ocrx_word' id='word_1_415' title='bbox 1389 994 1472 1036; x_wconf 92' lang='lat' dir='ltr'>Vll,</span> <span class='ocrx_word' id='word_1_416' title='bbox 1495 992 1640 1028; x_wconf 84' lang='lat' dir='ltr'>abolita</span> <span class='ocrx_word' id='word_1_417' title='bbox 1660 992 1746 1037; x_wconf 81' lang='lat' dir='ltr'>lege</span> <span class='ocrx_word' id='word_1_418' title='bbox 1766 989 2028 1036; x_wconf 82' lang='lat' dir='ltr'>salica,regni</span> 
     </span>
     <span class='ocr_line' id='line_1_75' title="bbox 1083 1045 2033 1094; baseline -0.007 -9"><span class='ocrx_word' id='word_1_419' title='bbox 1083 1048 1294 1085; x_wconf 89' lang='lat' dir='ltr'>haeredem</span> <span class='ocrx_word' id='word_1_420' title='bbox 1322 1048 1541 1094; x_wconf 84' lang='lat' dir='ltr'>scripserat</span> <span class='ocrx_word' id='word_1_421' title='bbox 1567 1045 1770 1081; x_wconf 85' lang='lat' dir='ltr'>Isabellam</span> <span class='ocrx_word' id='word_1_422' title='bbox 1799 1045 1844 1087; x_wconf 90' lang='lat' dir='ltr'>ll,</span> <span class='ocrx_word' id='word_1_423' title='bbox 1873 1054 1984 1079; x_wconf 90' lang='lat' dir='ltr'>suam</span> <span class='ocrx_word' id='word_1_424' title='bbox 2012 1054 2033 1078; x_wconf 92' lang='lat' dir='ltr'>e</span> 
     </span>
     <span class='ocr_line' id='line_1_76' title="bbox 1085 1099 2032 1145; baseline -0.006 -7"><span class='ocrx_word' id='word_1_425' title='bbox 1085 1103 1218 1138; x_wconf 87' lang='lat' dir='ltr'>Maria</span> <span class='ocrx_word' id='word_1_426' title='bbox 1244 1102 1444 1139; x_wconf 89' lang='lat' dir='ltr'>Christina</span> <span class='ocrx_word' id='word_1_427' title='bbox 1461 1101 1600 1144; x_wconf 88' lang='lat' dir='ltr'>filiam,</span> <span class='ocrx_word' id='word_1_428' title='bbox 1616 1099 1806 1145; x_wconf 85' lang='lat' dir='ltr'>regnique</span> <span class='ocrx_word' id='word_1_429' title='bbox 1827 1101 2032 1144; x_wconf 87' lang='lat' dir='ltr'>regentem</span> 
     </span>
     <span class='ocr_line' id='line_1_77' title="bbox 1085 1150 2033 1200; baseline -0.008 -8"><span class='ocrx_word' id='word_1_430' title='bbox 1085 1163 1127 1192; x_wconf 87' lang='lat' dir='ltr'>et</span> <span class='ocrx_word' id='word_1_431' title='bbox 1153 1156 1340 1192; x_wconf 89' lang='lat' dir='ltr'>Isabellae</span> <span class='ocrx_word' id='word_1_432' title='bbox 1361 1154 1544 1190; x_wconf 86' lang='lat' dir='ltr'>tutricem</span> <span class='ocrx_word' id='word_1_433' title='bbox 1564 1153 1691 1200; x_wconf 89' lang='lat' dir='ltr'>ipsam</span> <span class='ocrx_word' id='word_1_434' title='bbox 1717 1151 1889 1187; x_wconf 87' lang='lat' dir='ltr'>Mariam</span> <span class='ocrx_word' id='word_1_435' title='bbox 1923 1150 2033 1188; x_wconf 88' lang='lat' dir='ltr'>Chri-</span> 
     </span>
     <span class='ocr_line' id='line_1_78' title="bbox 1086 1205 2036 1252; baseline -0.007 -6"><span class='ocrx_word' id='word_1_436' title='bbox 1086 1210 1227 1246; x_wconf 89' lang='lat' dir='ltr'>stinam</span> <span class='ocrx_word' id='word_1_437' title='bbox 1257 1209 1518 1245; x_wconf 87' lang='lat' dir='ltr'>constituens.</span> <span class='ocrx_word' id='word_1_438' title='bbox 1544 1207 1595 1242; x_wconf 89' lang='lat' dir='ltr'>Vi</span> <span class='ocrx_word' id='word_1_439' title='bbox 1623 1210 1756 1242; x_wconf 89' lang='lat' dir='ltr'>autem</span> <span class='ocrx_word' id='word_1_440' title='bbox 1774 1205 1872 1252; x_wconf 85' lang='lat' dir='ltr'>legis</span> <span class='ocrx_word' id='word_1_441' title='bbox 1891 1205 2036 1240; x_wconf 85' lang='lat' dir='ltr'>salicae</span> 
     </span>
     <span class='ocr_line' id='line_1_79' title="bbox 1088 1259 2038 1301; baseline -0.006 -2"><span class='ocrx_word' id='word_1_442' title='bbox 1088 1263 1339 1300; x_wconf 88' lang='lat' dir='ltr'>Ferdinando</span> <span class='ocrx_word' id='word_1_443' title='bbox 1357 1261 1594 1298; x_wconf 85' lang='lat' dir='ltr'>succedebat</span> <span class='ocrx_word' id='word_1_444' title='bbox 1611 1260 1780 1297; x_wconf 85' lang='lat' dir='ltr'>Carolus</span> <span class='ocrx_word' id='word_1_445' title='bbox 1797 1259 1922 1295; x_wconf 86' lang='lat' dir='ltr'>frater</span> <span class='ocrx_word' id='word_1_446' title='bbox 1941 1259 2038 1301; x_wconf 60' lang='lat' dir='ltr'>eim,</span> 
     </span>
     <span class='ocr_line' id='line_1_80' title="bbox 1090 1312 2040 1364; baseline -0.006 -10"><span class='ocrx_word' id='word_1_447' title='bbox 1090 1323 1179 1354; x_wconf 90' lang='lat' dir='ltr'>tunc</span> <span class='ocrx_word' id='word_1_448' title='bbox 1200 1317 1390 1364; x_wconf 89' lang='lat' dir='ltr'>temporis</span> <span class='ocrx_word' id='word_1_449' title='bbox 1406 1316 1507 1351; x_wconf 83' lang='lat' dir='ltr'>exul.</span> <span class='ocrx_word' id='word_1_450' title='bbox 1527 1314 1622 1350; x_wconf 88' lang='lat' dir='ltr'>Post</span> <span class='ocrx_word' id='word_1_451' title='bbox 1636 1314 1742 1361; x_wconf 82' lang='lat' dir='ltr'>regis</span> <span class='ocrx_word' id='word_1_452' title='bbox 1760 1314 1908 1349; x_wconf 90' lang='lat' dir='ltr'>obitum</span> <span class='ocrx_word' id='word_1_453' title='bbox 1924 1312 2040 1355; x_wconf 84' lang='grc'>(1834)</span> 
     </span>
     <span class='ocr_line' id='line_1_81' title="bbox 1089 1367 2040 1419; baseline -0.006 -12"><span class='ocrx_word' id='word_1_454' title='bbox 1089 1371 1228 1419; x_wconf 86' lang='lat' dir='ltr'>regina</span> <span class='ocrx_word' id='word_1_455' title='bbox 1242 1370 1372 1413; x_wconf 85' lang='lat' dir='ltr'>vidua,</span> <span class='ocrx_word' id='word_1_456' title='bbox 1389 1369 1547 1406; x_wconf 89' lang='lat' dir='ltr'>nomine</span> <span class='ocrx_word' id='word_1_457' title='bbox 1564 1368 1752 1404; x_wconf 89' lang='lat' dir='ltr'>Isabellae</span> <span class='ocrx_word' id='word_1_458' title='bbox 1769 1367 1915 1402; x_wconf 89' lang='lat' dir='ltr'>IIfiliae</span> <span class='ocrx_word' id='word_1_459' title='bbox 1929 1377 2040 1409; x_wconf 87' lang='lat' dir='ltr'>suae,</span> 
     </span>
     <span class='ocr_line' id='line_1_82' title="bbox 1092 1420 2044 1472; baseline -0.007 -11"><span class='ocrx_word' id='word_1_460' title='bbox 1092 1425 1271 1472; x_wconf 85' lang='lat' dir='ltr'>regimen</span> <span class='ocrx_word' id='word_1_461' title='bbox 1298 1424 1487 1470; x_wconf 89' lang='lat' dir='ltr'>suscepit,</span> <span class='ocrx_word' id='word_1_462' title='bbox 1514 1424 1673 1469; x_wconf 86' lang='lat' dir='ltr'>eiusque</span> <span class='ocrx_word' id='word_1_463' title='bbox 1700 1431 1844 1457; x_wconf 88' lang='lat' dir='ltr'>causae</span> <span class='ocrx_word' id='word_1_464' title='bbox 1872 1431 1964 1456; x_wconf 88' lang='lat' dir='ltr'>mox</span> <span class='ocrx_word' id='word_1_465' title='bbox 1990 1420 2044 1455; x_wconf 86' lang='lat' dir='ltr'>fa-</span> 
     </span>
     <span class='ocr_line' id='line_1_83' title="bbox 1088 1473 2042 1525; baseline -0.005 -11"><span class='ocrx_word' id='word_1_466' title='bbox 1088 1483 1233 1515; x_wconf 86' lang='lat' dir='ltr'>verunt</span> <span class='ocrx_word' id='word_1_467' title='bbox 1247 1478 1478 1525; x_wconf 86' lang='lat' dir='ltr'>quicumque</span> <span class='ocrx_word' id='word_1_468' title='bbox 1496 1475 1672 1522; x_wconf 89' lang='lat' dir='ltr'>inquieti,</span> <span class='ocrx_word' id='word_1_469' title='bbox 1684 1474 1894 1516; x_wconf 84' lang='lat' dir='ltr'>ambitiosi,</span> <span class='ocrx_word' id='word_1_470' title='bbox 1906 1473 2042 1520; x_wconf 87' lang='lat' dir='ltr'>regiae</span> 
     </span>
     <span class='ocr_line' id='line_1_84' title="bbox 1091 1528 2045 1576; baseline -0.005 -8"><span class='ocrx_word' id='word_1_471' title='bbox 1091 1532 1340 1569; x_wconf 87' lang='lat' dir='ltr'>auctoritatis</span> <span class='ocrx_word' id='word_1_472' title='bbox 1366 1536 1406 1567; x_wconf 91' lang='lat' dir='ltr'>et</span> <span class='ocrx_word' id='word_1_473' title='bbox 1440 1530 1656 1576; x_wconf 86' lang='lat' dir='ltr'>Religionis</span> <span class='ocrx_word' id='word_1_474' title='bbox 1695 1529 1841 1564; x_wconf 88' lang='lat' dir='ltr'>hostes.</span> <span class='ocrx_word' id='word_1_475' title='bbox 1876 1528 2045 1565; x_wconf 89' lang='lat' dir='ltr'>Carolus</span> 
     </span>
     <span class='ocr_line' id='line_1_85' title="bbox 1092 1581 2047 1632; baseline -0.005 -11"><span class='ocrx_word' id='word_1_476' title='bbox 1092 1598 1160 1632; x_wconf 85' lang='lat' dir='ltr'>per</span> <span class='ocrx_word' id='word_1_477' title='bbox 1188 1586 1326 1621; x_wconf 85' lang='lat' dir='ltr'>fratris</span> <span class='ocrx_word' id='word_1_478' title='bbox 1344 1585 1403 1621; x_wconf 87' lang='lat' dir='ltr'>sui</span> <span class='ocrx_word' id='word_1_479' title='bbox 1424 1588 1703 1620; x_wconf 87' lang='lat' dir='ltr'>testamentum</span> <span class='ocrx_word' id='word_1_480' title='bbox 1723 1582 1806 1618; x_wconf 88' lang='lat' dir='ltr'>iure</span> <span class='ocrx_word' id='word_1_481' title='bbox 1825 1581 1911 1617; x_wconf 90' lang='lat' dir='ltr'>solii</span> <span class='ocrx_word' id='word_1_482' title='bbox 1931 1592 2047 1627; x_wconf 86' lang='lat' dir='ltr'>expo-</span> 
     </span>
     <span class='ocr_line' id='line_1_86' title="bbox 1092 1635 2043 1682; baseline -0.006 -7"><span class='ocrx_word' id='word_1_483' title='bbox 1092 1640 1224 1681; x_wconf 87' lang='lat' dir='ltr'>liatus,</span> <span class='ocrx_word' id='word_1_484' title='bbox 1252 1639 1345 1675; x_wconf 89' lang='lat' dir='ltr'>illud</span> <span class='ocrx_word' id='word_1_485' title='bbox 1371 1638 1492 1674; x_wconf 91' lang='lat' dir='ltr'>armis</span> <span class='ocrx_word' id='word_1_486' title='bbox 1519 1636 1711 1673; x_wconf 89' lang='lat' dir='ltr'>vindicari</span> <span class='ocrx_word' id='word_1_487' title='bbox 1737 1636 1809 1672; x_wconf 89' lang='lat' dir='ltr'>sibi</span> <span class='ocrx_word' id='word_1_488' title='bbox 1827 1635 2043 1682; x_wconf 87' lang='lat' dir='ltr'>proposuit:</span> 
     </span>
     <span class='ocr_line' id='line_1_87' title="bbox 1092 1690 2045 1739; baseline -0.007 -10"><span class='ocrx_word' id='word_1_489' title='bbox 1092 1694 1310 1730; x_wconf 85' lang='lat' dir='ltr'>exercitum</span> <span class='ocrx_word' id='word_1_490' title='bbox 1330 1692 1500 1739; x_wconf 86' lang='lat' dir='ltr'>collegit,</span> <span class='ocrx_word' id='word_1_491' title='bbox 1521 1691 1584 1738; x_wconf 88' lang='lat' dir='ltr'>qui</span> <span class='ocrx_word' id='word_1_492' title='bbox 1603 1690 1788 1726; x_wconf 88' lang='lat' dir='ltr'>continuo</span> <span class='ocrx_word' id='word_1_493' title='bbox 1814 1693 1954 1724; x_wconf 87' lang='lat' dir='ltr'>auctus</span> <span class='ocrx_word' id='word_1_494' title='bbox 1972 1691 2045 1723; x_wconf 86' lang='lat' dir='ltr'>est:</span> 
     </span>
     <span class='ocr_line' id='line_1_88' title="bbox 1095 1743 2043 1793; baseline -0.006 -11"><span class='ocrx_word' id='word_1_495' title='bbox 1095 1747 1226 1793; x_wconf 87' lang='lat' dir='ltr'>plures</span> <span class='ocrx_word' id='word_1_496' title='bbox 1253 1746 1434 1782; x_wconf 90' lang='lat' dir='ltr'>civitates</span> <span class='ocrx_word' id='word_1_497' title='bbox 1461 1749 1502 1781; x_wconf 86' lang='lat' dir='ltr'>et</span> <span class='ocrx_word' id='word_1_498' title='bbox 1530 1743 1753 1792; x_wconf 89' lang='lat' dir='ltr'>provinciae</span> <span class='ocrx_word' id='word_1_499' title='bbox 1788 1753 1876 1778; x_wconf 91' lang='lat' dir='ltr'>eum</span> <span class='ocrx_word' id='word_1_500' title='bbox 1906 1752 2043 1788; x_wconf 86' lang='lat' dir='ltr'>regem</span> 
     </span>
     <span class='ocr_line' id='line_1_89' title="bbox 1094 1794 2048 1845; baseline -0.007 -9"><span class='ocrx_word' id='word_1_501' title='bbox 1094 1800 1333 1843; x_wconf 83' lang='lat' dir='ltr'>salutarunt;</span> <span class='ocrx_word' id='word_1_502' title='bbox 1361 1800 1458 1835; x_wconf 88' lang='lat' dir='ltr'>alias</span> <span class='ocrx_word' id='word_1_503' title='bbox 1484 1798 1606 1845; x_wconf 88' lang='lat' dir='ltr'>pulsis</span> <span class='ocrx_word' id='word_1_504' title='bbox 1624 1796 1845 1834; x_wconf 88' lang='lat' dir='ltr'>Christinae</span> <span class='ocrx_word' id='word_1_505' title='bbox 1864 1794 2048 1831; x_wconf 89' lang='lat' dir='ltr'>exerciti-</span> 
     </span>
     <span class='ocr_line' id='line_1_90' title="bbox 1096 1849 2047 1900; baseline -0.007 -10"><span class='ocrx_word' id='word_1_506' title='bbox 1096 1854 1178 1898; x_wconf 90' lang='lat' dir='ltr'>bus,</span> <span class='ocrx_word' id='word_1_507' title='bbox 1201 1853 1250 1889; x_wconf 91' lang='lat' dir='ltr'>ad</span> <span class='ocrx_word' id='word_1_508' title='bbox 1270 1854 1496 1900; x_wconf 83' lang='lat' dir='ltr'>obsequium</span> <span class='ocrx_word' id='word_1_509' title='bbox 1515 1863 1627 1888; x_wconf 88' lang='lat' dir='ltr'>suum</span> <span class='ocrx_word' id='word_1_510' title='bbox 1647 1849 1840 1897; x_wconf 87' lang='lat' dir='ltr'>perduxit;</span> <span class='ocrx_word' id='word_1_511' title='bbox 1860 1849 2047 1885; x_wconf 90' lang='lat' dir='ltr'>victorias</span> 
     </span>
     <span class='ocr_line' id='line_1_91' title="bbox 1097 1902 2049 1955; baseline -0.007 -12"><span class='ocrx_word' id='word_1_512' title='bbox 1097 1908 1228 1955; x_wconf 89' lang='lat' dir='ltr'>plures</span> <span class='ocrx_word' id='word_1_513' title='bbox 1255 1907 1301 1942; x_wconf 91' lang='lat' dir='ltr'>de</span> <span class='ocrx_word' id='word_1_514' title='bbox 1329 1907 1504 1942; x_wconf 83' lang='lat' dir='ltr'>hostibus</span> <span class='ocrx_word' id='word_1_515' title='bbox 1533 1904 1680 1947; x_wconf 87' lang='lat' dir='ltr'>retulit,</span> <span class='ocrx_word' id='word_1_516' title='bbox 1700 1914 1870 1950; x_wconf 86' lang='lat' dir='ltr'>raraque</span> <span class='ocrx_word' id='word_1_517' title='bbox 1899 1902 2049 1937; x_wconf 87' lang='lat' dir='ltr'>sortitu-</span> 
     </span>
     <span class='ocr_line' id='line_1_92' title="bbox 1096 1956 2047 2008; baseline -0.007 -11"><span class='ocrx_word' id='word_1_518' title='bbox 1096 1962 1185 1997; x_wconf 91' lang='lat' dir='ltr'>dine</span> <span class='ocrx_word' id='word_1_519' title='bbox 1221 1962 1365 1997; x_wconf 91' lang='lat' dir='ltr'>bellum</span> <span class='ocrx_word' id='word_1_520' title='bbox 1402 1963 1632 2008; x_wconf 86' lang='lat' dir='ltr'>prosecutus</span> <span class='ocrx_word' id='word_1_521' title='bbox 1668 1962 1729 1994; x_wconf 92' lang='lat' dir='ltr'>est</span> <span class='ocrx_word' id='word_1_522' title='bbox 1760 1968 1883 2004; x_wconf 88' lang='lat' dir='ltr'>usque</span> <span class='ocrx_word' id='word_1_523' title='bbox 1910 1956 1958 1992; x_wconf 84' lang='lat' dir='ltr'>ad</span> <span class='ocrx_word' id='word_1_524' title='bbox 1985 1967 2047 1991; x_wconf 92' lang='lat' dir='ltr'>an.</span> 
     </span>
     <span class='ocr_line' id='line_1_93' title="bbox 1098 2011 2050 2062; baseline -0.006 -11"><span class='ocrx_word' id='word_1_525' title='bbox 1098 2016 1202 2058; x_wconf 84' lang='lat'>1839,</span> <span class='ocrx_word' id='word_1_526' title='bbox 1222 2026 1310 2062; x_wconf 85' lang='lat' dir='ltr'>quo,</span> <span class='ocrx_word' id='word_1_527' title='bbox 1328 2018 1490 2061; x_wconf 85' lang='lat' dir='ltr'>propter</span> <span class='ocrx_word' id='word_1_528' title='bbox 1509 2012 1712 2060; x_wconf 87' lang='lat' dir='ltr'>perfidiam</span> <span class='ocrx_word' id='word_1_529' title='bbox 1733 2016 1774 2047; x_wconf 84' lang='lat' dir='ltr'>et</span> <span class='ocrx_word' id='word_1_530' title='bbox 1792 2011 2050 2058; x_wconf 88' lang='lat' dir='ltr'>proditionem</span> 
     </span>
     <span class='ocr_line' id='line_1_94' title="bbox 1098 2065 2051 2110; baseline -0.003 -8"><span class='ocrx_word' id='word_1_531' title='bbox 1098 2069 1299 2105; x_wconf 87' lang='lat' dir='ltr'>belliducis</span> <span class='ocrx_word' id='word_1_532' title='bbox 1317 2069 1374 2104; x_wconf 91' lang='lat' dir='ltr'>sui</span> <span class='ocrx_word' id='word_1_533' title='bbox 1397 2068 1567 2110; x_wconf 90' lang='lat' dir='ltr'>Maroto,</span> <span class='ocrx_word' id='word_1_534' title='bbox 1588 2067 1626 2102; x_wconf 91' lang='lat' dir='ltr'>in</span> <span class='ocrx_word' id='word_1_535' title='bbox 1645 2065 1812 2102; x_wconf 89' lang='lat' dir='ltr'>Galliam</span> <span class='ocrx_word' id='word_1_536' title='bbox 1832 2065 2051 2110; x_wconf 85' lang='lat' dir='ltr'>confugere</span> 
     </span>
     <span class='ocr_line' id='line_1_95' title="bbox 1100 2119 2051 2159; baseline -0.005 0"><span class='ocrx_word' id='word_1_537' title='bbox 1100 2127 1262 2159; x_wconf 86' lang='lat' dir='ltr'>coactus</span> <span class='ocrx_word' id='word_1_538' title='bbox 1280 2122 1546 2158; x_wconf 75' lang='lat' dir='ltr'>fuit..1nterim</span> <span class='ocrx_word' id='word_1_539' title='bbox 1568 2121 1638 2157; x_wconf 87' lang='lat' dir='ltr'>sub</span> <span class='ocrx_word' id='word_1_540' title='bbox 1658 2120 1812 2155; x_wconf 90' lang='lat' dir='ltr'>Mariae</span> <span class='ocrx_word' id='word_1_541' title='bbox 1828 2119 2051 2156; x_wconf 81' lang='lat' dir='ltr'>Christinae</span> 
     </span>
     <span class='ocr_line' id='line_1_96' title="bbox 1100 2174 2050 2224; baseline -0.005 -12"><span class='ocrx_word' id='word_1_542' title='bbox 1100 2177 1291 2224; x_wconf 81' lang='lat' dir='ltr'>gubernio</span> <span class='ocrx_word' id='word_1_543' title='bbox 1319 2177 1479 2212; x_wconf 89' lang='lat' dir='ltr'>lieentia</span> <span class='ocrx_word' id='word_1_544' title='bbox 1507 2179 1548 2211; x_wconf 89' lang='lat' dir='ltr'>et</span> <span class='ocrx_word' id='word_1_545' title='bbox 1573 2174 1759 2210; x_wconf 87' lang='lat' dir='ltr'>anarchia</span> <span class='ocrx_word' id='word_1_546' title='bbox 1788 2174 2050 2208; x_wconf 87' lang='lat' dir='ltr'>invaluerunt.</span> 
     </span>
     <span class='ocr_line' id='line_1_97' title="bbox 1101 2227 2053 2267; baseline -0.004 -3"><span class='ocrx_word' id='word_1_547' title='bbox 1101 2234 1216 2266; x_wconf 89' lang='lat' dir='ltr'>Anno</span> <span class='ocrx_word' id='word_1_548' title='bbox 1233 2230 1323 2267; x_wconf 90' lang='grc'>1834</span> <span class='ocrx_word' id='word_1_549' title='bbox 1340 2230 1493 2265; x_wconf 88' lang='lat' dir='ltr'>Matriti</span> <span class='ocrx_word' id='word_1_550' title='bbox 1510 2227 1753 2264; x_wconf 88' lang='lat' dir='ltr'>monasteria</span> <span class='ocrx_word' id='word_1_551' title='bbox 1767 2230 1921 2262; x_wconf 81' lang='lat' dir='ltr'>armata</span> <span class='ocrx_word' id='word_1_552' title='bbox 1934 2236 2053 2261; x_wconf 89' lang='lat' dir='ltr'>manu</span> 
     </span>
     <span class='ocr_line' id='line_1_98' title="bbox 1101 2279 2052 2331; baseline -0.006 -12"><span class='ocrx_word' id='word_1_553' title='bbox 1101 2290 1306 2331; x_wconf 89' lang='lat' dir='ltr'>occupata,</span> <span class='ocrx_word' id='word_1_554' title='bbox 1323 2283 1503 2330; x_wconf 74' lang='lat' dir='ltr'>spoliata,</span> <span class='ocrx_word' id='word_1_555' title='bbox 1519 2283 1739 2322; x_wconf 83' lang='lat' dir='ltr'>devastata,</span> <span class='ocrx_word' id='word_1_556' title='bbox 1751 2280 1861 2315; x_wconf 85' lang='lat' dir='ltr'>multi</span> <span class='ocrx_word' id='word_1_557' title='bbox 1878 2279 2052 2325; x_wconf 89' lang='lat' dir='ltr'>religiosi</span> 
     </span>
     <span class='ocr_line' id='line_1_99' title="bbox 1101 2333 2051 2379; baseline -0.005 -7"><span class='ocrx_word' id='word_1_558' title='bbox 1101 2337 1298 2374; x_wconf 91' lang='lat' dir='ltr'>interfecti</span> <span class='ocrx_word' id='word_1_559' title='bbox 1325 2340 1428 2373; x_wconf 89' lang='lat' dir='ltr'>sunt.</span> <span class='ocrx_word' id='word_1_560' title='bbox 1447 2337 1557 2377; x_wconf 81' lang='lat' dir='ltr'>Quae</span> <span class='ocrx_word' id='word_1_561' title='bbox 1577 2335 1756 2371; x_wconf 80' lang='lat' dir='ltr'>facinora</span> <span class='ocrx_word' id='word_1_562' title='bbox 1775 2333 1875 2368; x_wconf 90' lang='lat' dir='ltr'>aliae</span> <span class='ocrx_word' id='word_1_563' title='bbox 1900 2343 2051 2379; x_wconf 90' lang='lat' dir='ltr'>quoque</span> 
     </span>
     <span class='ocr_line' id='line_1_100' title="bbox 1101 2388 2052 2438; baseline -0.004 -12"><span class='ocrx_word' id='word_1_564' title='bbox 1101 2392 1218 2427; x_wconf 91' lang='lat' dir='ltr'>urbes</span> <span class='ocrx_word' id='word_1_565' title='bbox 1244 2396 1434 2438; x_wconf 87' lang='lat' dir='ltr'>expertae</span> <span class='ocrx_word' id='word_1_566' title='bbox 1460 2395 1561 2426; x_wconf 91' lang='lat' dir='ltr'>sunt.</span> <span class='ocrx_word' id='word_1_567' title='bbox 1582 2391 1696 2424; x_wconf 87' lang='lat' dir='ltr'>Anno</span> <span class='ocrx_word' id='word_1_568' title='bbox 1716 2388 1808 2424; x_wconf 88' lang='lat'>1835</span> <span class='ocrx_word' id='word_1_569' title='bbox 1828 2392 1867 2423; x_wconf 86' lang='lat' dir='ltr'>et</span> <span class='ocrx_word' id='word_1_570' title='bbox 1890 2398 2052 2434; x_wconf 89' lang='lat' dir='ltr'>sequen-</span> 
     </span>
     <span class='ocr_line' id='line_1_101' title="bbox 1104 2441 2051 2490; baseline -0.006 -9"><span class='ocrx_word' id='word_1_571' title='bbox 1104 2445 1221 2489; x_wconf 88' lang='lat' dir='ltr'>tibus,</span> <span class='ocrx_word' id='word_1_572' title='bbox 1248 2444 1417 2480; x_wconf 88' lang='lat' dir='ltr'>Ordines</span> <span class='ocrx_word' id='word_1_573' title='bbox 1444 2443 1617 2490; x_wconf 89' lang='lat' dir='ltr'>religiosi</span> <span class='ocrx_word' id='word_1_574' title='bbox 1644 2441 1842 2488; x_wconf 89' lang='lat' dir='ltr'>suppressi</span> <span class='ocrx_word' id='word_1_575' title='bbox 1861 2444 1964 2484; x_wconf 86' lang='lat' dir='ltr'>sunt,</span> <span class='ocrx_word' id='word_1_576' title='bbox 1991 2451 2051 2476; x_wconf 88' lang='lat' dir='ltr'>eo-</span> 
     </span>
     <span class='ocr_line' id='line_1_102' title="bbox 1105 2495 2056 2545; baseline -0.005 -11"><span class='ocrx_word' id='word_1_577' title='bbox 1105 2509 1267 2545; x_wconf 91' lang='lat' dir='ltr'>rumque</span> <span class='ocrx_word' id='word_1_578' title='bbox 1296 2498 1398 2533; x_wconf 87' lang='lat' dir='ltr'>bona</span> <span class='ocrx_word' id='word_1_579' title='bbox 1424 2508 1448 2533; x_wconf 88' lang='lat' dir='ltr'>a</span> <span class='ocrx_word' id='word_1_580' title='bbox 1466 2495 1656 2543; x_wconf 85' lang='lat' dir='ltr'>gubernio</span> <span class='ocrx_word' id='word_1_581' title='bbox 1681 2498 1872 2541; x_wconf 86' lang='lat' dir='ltr'>occupata</span> <span class='ocrx_word' id='word_1_582' title='bbox 1897 2498 1937 2530; x_wconf 90' lang='lat' dir='ltr'>et</span> <span class='ocrx_word' id='word_1_583' title='bbox 1964 2505 2056 2530; x_wconf 90' lang='lat' dir='ltr'>ven-</span> 
     </span>
     <span class='ocr_line' id='line_1_103' title="bbox 1104 2548 2055 2587; baseline -0.003 0"><span class='ocrx_word' id='word_1_584' title='bbox 1104 2552 1198 2587; x_wconf 86' lang='lat' dir='ltr'>dita.</span> <span class='ocrx_word' id='word_1_585' title='bbox 1229 2551 1321 2587; x_wconf 88' lang='lat' dir='ltr'>Pari</span> <span class='ocrx_word' id='word_1_586' title='bbox 1341 2551 1453 2586; x_wconf 92' lang='lat' dir='ltr'>modo</span> <span class='ocrx_word' id='word_1_587' title='bbox 1474 2550 1731 2587; x_wconf 88' lang='lat' dir='ltr'>ecclesiarum</span> <span class='ocrx_word' id='word_1_588' title='bbox 1753 2548 1853 2583; x_wconf 87' lang='lat' dir='ltr'>bona</span> <span class='ocrx_word' id='word_1_589' title='bbox 1877 2551 1918 2583; x_wconf 89' lang='lat' dir='ltr'>et</span> <span class='ocrx_word' id='word_1_590' title='bbox 1942 2558 2055 2584; x_wconf 90' lang='lat' dir='ltr'>orna-</span> 
     </span>
     <span class='ocr_line' id='line_1_104' title="bbox 1108 2601 2054 2653; baseline -0.005 -12"><span class='ocrx_word' id='word_1_591' title='bbox 1108 2610 1242 2642; x_wconf 91' lang='lat' dir='ltr'>menta</span> <span class='ocrx_word' id='word_1_592' title='bbox 1273 2605 1468 2653; x_wconf 82' lang='lat' dir='ltr'>publicata</span> <span class='ocrx_word' id='word_1_593' title='bbox 1502 2608 1616 2650; x_wconf 86' lang='lat' dir='ltr'>atque</span> <span class='ocrx_word' id='word_1_594' title='bbox 1651 2601 1849 2638; x_wconf 90' lang='lat' dir='ltr'>divendita</span> <span class='ocrx_word' id='word_1_595' title='bbox 1883 2601 2054 2637; x_wconf 84' lang='lat' dir='ltr'>fuerunt.</span> 
     </span>
     <span class='ocr_line' id='line_1_105' title="bbox 1107 2655 2056 2706; baseline -0.004 -12"><span class='ocrx_word' id='word_1_596' title='bbox 1107 2659 1287 2706; x_wconf 88' lang='lat' dir='ltr'>Episcopi</span> <span class='ocrx_word' id='word_1_597' title='bbox 1314 2662 1355 2695; x_wconf 90' lang='lat' dir='ltr'>et</span> <span class='ocrx_word' id='word_1_598' title='bbox 1381 2657 1610 2694; x_wconf 88' lang='lat' dir='ltr'>sacerdotes</span> <span class='ocrx_word' id='word_1_599' title='bbox 1637 2655 1784 2699; x_wconf 82' lang='lat' dir='ltr'>vexati,</span> <span class='ocrx_word' id='word_1_600' title='bbox 1812 2655 1850 2690; x_wconf 91' lang='lat' dir='ltr'>in</span> <span class='ocrx_word' id='word_1_601' title='bbox 1870 2666 2056 2690; x_wconf 87' lang='lat' dir='ltr'>carceres</span> 
     </span>
     <span class='ocr_line' id='line_1_106' title="bbox 1106 2708 2057 2756; baseline -0.006 -8"><span class='ocrx_word' id='word_1_602' title='bbox 1106 2712 1254 2748; x_wconf 85' lang='lat' dir='ltr'>detrusi</span> <span class='ocrx_word' id='word_1_603' title='bbox 1281 2716 1350 2748; x_wconf 91' lang='lat' dir='ltr'>aut</span> <span class='ocrx_word' id='word_1_604' title='bbox 1367 2709 1424 2747; x_wconf 36' lang='lat' dir='ltr'>*ex</span> <span class='ocrx_word' id='word_1_605' title='bbox 1450 2710 1641 2756; x_wconf 88' lang='lat' dir='ltr'>Hispania</span> <span class='ocrx_word' id='word_1_606' title='bbox 1670 2708 1836 2754; x_wconf 87' lang='lat' dir='ltr'>relegati</span> <span class='ocrx_word' id='word_1_607' title='bbox 1862 2711 1964 2751; x_wconf 83' lang='lat' dir='ltr'>sunt3</span> <span class='ocrx_word' id='word_1_608' title='bbox 1991 2719 2057 2743; x_wconf 90' lang='lat' dir='ltr'>no-</span> 
     </span>
     <span class='ocr_line' id='line_1_107' title="bbox 1107 2763 2056 2809; baseline -0.004 -7"><span class='ocrx_word' id='word_1_609' title='bbox 1107 2767 1244 2802; x_wconf 89' lang='lat' dir='ltr'>minati</span> <span class='ocrx_word' id='word_1_610' title='bbox 1272 2766 1320 2801; x_wconf 93' lang='lat' dir='ltr'>ad</span> <span class='ocrx_word' id='word_1_611' title='bbox 1346 2765 1460 2800; x_wconf 89' lang='lat' dir='ltr'>sedes</span> <span class='ocrx_word' id='word_1_612' title='bbox 1485 2768 1673 2799; x_wconf 87' lang='lat' dir='ltr'>vacantes</span> <span class='ocrx_word' id='word_1_613' title='bbox 1700 2773 1724 2797; x_wconf 88' lang='lat' dir='ltr'>a</span> <span class='ocrx_word' id='word_1_614' title='bbox 1752 2763 1863 2809; x_wconf 86' lang='lat' dir='ltr'>regni</span> <span class='ocrx_word' id='word_1_615' title='bbox 1889 2766 2056 2809; x_wconf 86' lang='lat' dir='ltr'>regente</span> 
     </span>
     <span class='ocr_line' id='line_1_108' title="bbox 1109 2817 2056 2864; baseline -0.004 -8"><span class='ocrx_word' id='word_1_616' title='bbox 1109 2820 1240 2856; x_wconf 88' lang='lat' dir='ltr'>Maria</span> <span class='ocrx_word' id='word_1_617' title='bbox 1258 2819 1457 2857; x_wconf 86' lang='lat' dir='ltr'>Christina</span> <span class='ocrx_word' id='word_1_618' title='bbox 1475 2817 1646 2864; x_wconf 90' lang='lat' dir='ltr'>episcopi</span> <span class='ocrx_word' id='word_1_619' title='bbox 1662 2845 1671 2859; x_wconf 87' lang='lat'>,</span> <span class='ocrx_word' id='word_1_620' title='bbox 1691 2817 1834 2864; x_wconf 84' lang='lat' dir='ltr'>spretis</span> <span class='ocrx_word' id='word_1_621' title='bbox 1852 2818 1976 2853; x_wconf 91' lang='lat' dir='ltr'>sacris</span> <span class='ocrx_word' id='word_1_622' title='bbox 1995 2827 2056 2852; x_wconf 86' lang='lat' dir='ltr'>ca-</span> 
     </span>
     <span class='ocr_line' id='line_1_109' title="bbox 1109 2870 2057 2915; baseline -0.005 -5"><span class='ocrx_word' id='word_1_623' title='bbox 1109 2875 1286 2915; x_wconf 86' lang='lat' dir='ltr'>nonibus,</span> <span class='ocrx_word' id='word_1_624' title='bbox 1304 2872 1560 2909; x_wconf 86' lang='lat' dir='ltr'>ecclesiarum</span> <span class='ocrx_word' id='word_1_625' title='bbox 1581 2870 1962 2907; x_wconf 76' lang='lat' dir='ltr'>administrationem</span> <span class='ocrx_word' id='word_1_626' title='bbox 1984 2870 2057 2906; x_wconf 88' lang='lat' dir='ltr'>sibi</span> 
     </span>
    </p>
   </div>
   <div class='ocr_carea' id='block_1_4' title="bbox 1109 2963 1316 2973">
    <p class='ocr_par' dir='ltr' id='par_1_6' title="bbox 1109 2963 1316 2973">
     <span class='ocr_line' id='line_1_110' title="bbox 1109 2963 1316 2973; baseline 0 500"><span class='ocrx_word' id='word_1_627' title='bbox 1109 2963 1316 2973; x_wconf 95' lang='lat' dir='ltr'> </span> 
     </span>
    </p>
   </div>
   <div class='ocr_carea' id='block_1_5' title="bbox 1109 3013 2060 3280">
    <p class='ocr_par' dir='ltr' id='par_1_7' title="bbox 1109 3013 2060 3280">
     <span class='ocr_line' id='line_1_111' title="bbox 1155 3013 2056 3058; baseline -0.002 -8"><span class='ocrx_word' id='word_1_628' title='bbox 1155 3019 1165 3039; x_wconf 87' lang='lat'>1</span> <span class='ocrx_word' id='word_1_629' title='bbox 1195 3018 1322 3058; x_wconf 76' lang='lat' dir='ltr'>Legesis</span> <span class='ocrx_word' id='word_1_630' title='bbox 1341 3014 1385 3048; x_wconf 81' lang='lat' dir='ltr'>La</span> <span class='ocrx_word' id='word_1_631' title='bbox 1405 3013 1545 3048; x_wconf 64' lang='lat' dir='ltr'>Scienza</span> <span class='ocrx_word' id='word_1_632' title='bbox 1563 3025 1579 3048; x_wconf 87' lang='lat' dir='ltr'>e</span> <span class='ocrx_word' id='word_1_633' title='bbox 1598 3015 1630 3049; x_wconf 85' lang='lat' dir='ltr'>la</span> <span class='ocrx_word' id='word_1_634' title='bbox 1648 3015 1732 3049; x_wconf 83' lang='lat' dir='ltr'>Fede</span> <span class='ocrx_word' id='word_1_635' title='bbox 1753 3016 1831 3050; x_wconf 82' lang='lat' dir='ltr'>voll.</span> <span class='ocrx_word' id='word_1_636' title='bbox 1860 3023 1931 3055; x_wconf 74' lang='lat' dir='ltr'>xxi,</span> <span class='ocrx_word' id='word_1_637' title='bbox 1961 3020 2056 3055; x_wconf 67' lang='lat' dir='ltr'>XXVI,</span> 
     </span>
     <span class='ocr_line' id='line_1_112' title="bbox 1111 3069 2056 3104; baseline -0.004 -7"><span class='ocrx_word' id='word_1_638' title='bbox 1111 3073 1232 3102; x_wconf 76' lang='lat' dir='ltr'>xxvii,</span> <span class='ocrx_word' id='word_1_639' title='bbox 1259 3071 1369 3095; x_wconf 79' lang='lat' dir='ltr'>xxv111</span> <span class='ocrx_word' id='word_1_640' title='bbox 1387 3086 1394 3099; x_wconf 90' lang='lat'>‚</span> <span class='ocrx_word' id='word_1_641' title='bbox 1421 3069 1527 3100; x_wconf 76' lang='lat' dir='ltr'>xxxv,</span> <span class='ocrx_word' id='word_1_642' title='bbox 1556 3070 1705 3104; x_wconf 75' lang='lat' dir='ltr'>xxxviii,</span> <span class='ocrx_word' id='word_1_643' title='bbox 1734 3072 1843 3101; x_wconf 62' lang='lat' dir='ltr'>xum,</span> <span class='ocrx_word' id='word_1_644' title='bbox 1871 3071 1942 3101; x_wconf 79' lang='lat' dir='ltr'>in,</span> <span class='ocrx_word' id='word_1_645' title='bbox 1971 3070 2056 3102; x_wconf 74' lang='lat' dir='ltr'>an,</span> 
     </span>
     <span class='ocr_line' id='line_1_113' title="bbox 1109 3106 2060 3151; baseline -0.006 -7"><span class='ocrx_word' id='word_1_646' title='bbox 1109 3120 1200 3147; x_wconf 75' lang='lat' dir='ltr'>cxw,</span> <span class='ocrx_word' id='word_1_647' title='bbox 1227 3110 1355 3151; x_wconf 83' lang='lat' dir='ltr'>passim.</span> <span class='ocrx_word' id='word_1_648' title='bbox 1383 3106 1562 3139; x_wconf 78' lang='lat' dir='ltr'>vicariatus</span> <span class='ocrx_word' id='word_1_649' title='bbox 1581 3108 1744 3141; x_wconf 85' lang='lat' dir='ltr'>indostani</span> <span class='ocrx_word' id='word_1_650' title='bbox 1763 3114 1851 3142; x_wconf 87' lang='lat' dir='ltr'>sunt:</span> <span class='ocrx_word' id='word_1_651' title='bbox 1877 3109 2060 3150; x_wconf 81' lang='lat' dir='ltr'>Madraspa-</span> 
     </span>
     <span class='ocr_line' id='line_1_114' title="bbox 1113 3151 2058 3195; baseline -0.004 -7"><span class='ocrx_word' id='word_1_652' title='bbox 1113 3162 1181 3195; x_wconf 84' lang='lat' dir='ltr'>tan,</span> <span class='ocrx_word' id='word_1_653' title='bbox 1195 3155 1362 3189; x_wconf 58' lang='lat' dir='ltr'>Maduren„</span> <span class='ocrx_word' id='word_1_654' title='bbox 1374 3151 1612 3193; x_wconf 81' lang='lat' dir='ltr'>Coimhatozen,</span> <span class='ocrx_word' id='word_1_655' title='bbox 1625 3153 1810 3195; x_wconf 80' lang='lat' dir='ltr'>Calcutten,</span> <span class='ocrx_word' id='word_1_656' title='bbox 1826 3156 1952 3192; x_wconf 76' lang='lat' dir='ltr'>Daciae,</span> <span class='ocrx_word' id='word_1_657' title='bbox 1967 3154 2058 3185; x_wconf 80' lang='lat' dir='ltr'>Boni-</span> 
     </span>
     <span class='ocr_line' id='line_1_115' title="bbox 1111 3198 2060 3243; baseline -0.004 -9"><span class='ocrx_word' id='word_1_658' title='bbox 1111 3203 1224 3243; x_wconf 82' lang='lat' dir='ltr'>bayen,</span> <span class='ocrx_word' id='word_1_659' title='bbox 1252 3201 1391 3237; x_wconf 72' lang='lat' dir='ltr'>Patnen,</span> <span class='ocrx_word' id='word_1_660' title='bbox 1409 3198 1683 3241; x_wconf 78' lang='lat' dir='ltr'>Vizacapatamen,</span> <span class='ocrx_word' id='word_1_661' title='bbox 1698 3199 2060 3242; x_wconf 58' lang='lat' dir='ltr'>Hyderahaden,&#39;Mays-</span> 
     </span>
     <span class='ocr_line' id='line_1_116' title="bbox 1112 3256 1258 3280; baseline -0.027 0"><span class='ocrx_word' id='word_1_662' title='bbox 1112 3256 1258 3280; x_wconf 77' lang='lat' dir='ltr'>Sont&#39;len.</span> 
     </span>
    </p>
   </div>
  </div>
 </body>
</html>
