2241 3473
722 155 858 185 VSQVE
881 156 934 182 Ar>
957 154 1240 182 PRAESENTEM
1268 151 1468 179 ΑΕΤΑΤΕΜ

1930 138 2008 176 437

113 226 279 274 globulis
297 253 306 267 ,
335 226 539 262 tormentis
566 225 713 261 bellicis
739 224 910 272 explosis
931 252 939 265 ,
965 222 1054 257 dum
1109 225 1166 256 tcr
1195 221 1297 255 inter
1324 224 1460 255 cetera
1485 216 1674 258 ostendit,
1701 215 1849 250 nullum
1884 224 1971 249 esse
2000 213 2061 249 rei

114 281 340 315 innocentes
359 279 542 315 victimae
570 279 724 314 veniam
754 289 823 324 pro
852 276 931 312 suis
958 275 1054 310 oeci-

112 333 264 368 soribus
297 332 623 378 deprecabantur.
663 331 805 366 Totum
840 330 1054 365 Galliarum

113 385 321 432 imperium
337 385 383 420 de
400 385 470 420 hoc
492 387 593 420 sacto
611 384 822 420 infremuit.
846 384 933 419 Ideo
950 381 1055 418 brevi

113 449 306 474 annorum
343 451 457 474 cursu
500 445 579 474 tres
614 437 908 483 Areliiepiscopi
950 436 1056 470 Pari-

112 491 228 527 siens.
243 502 358 527 manu
371 496 642 538 grassatorum
659 492 787 526 necati
804 489 1058 525 sunt-Diebus

112 550 265 581 terrore
293 546 536 582 scatentibus
565 546 642 580 iam
665 543 887 585 transactis,
909 543 1016 577 initio
1036 552 1059 577 a

109 598 258 634 Gallico
279 600 468 645 gubernio
484 599 687 634 Ecclesiae
708 600 793 633 iura
812 598 907 632 satis
927 598 1059 632 obser-

112 656 206 687 vata
233 658 349 695 sunt;
376 664 566 699 quumque
596 652 720 686 maior
751 651 870 688 etiam
901 650 1060 685 libertas

112 706 315 741 Ecclesiae
344 717 534 741 concessa
568 710 693 747 essct,
722 704 905 751 Episcopi
939 715 959 739 e
988 703 1061 749 piis

113 758 285 794 fidelium
305 759 416 794 donis
436 770 581 805 magna
608 758 794 805 largitate
814 757 980 800 collatis,
995 767 1062 791 va-

114 812 196 848 rias
222 813 438 848 studiorum
456 813 747 848 Universitates
766 810 1061 854 catliolicas‚1n-

115 865 229 908 sulis,
260 865 437 907 Parisiis,
457 866 641 908 Tolosae,
663 865 882 911 Andegavi,
904 864 1062 899 hortatu

113 923 151 954 et
178 919 414 955 auctoritate
440 919 499 954 Pii
519 920 572 955 IX
594 918 808 960 Pontificis,
836 923 1061 954 erexerunt.

112 972 172 1007 Ad
199 983 295 1019 quas
321 984 435 1019 quum
471 983 617 1019 magna
641 972 861 1018 frequentia
887 971 1063 1017 discipuli

113 1025 385 1062 adolescentes
402 1027 476 1061 iam
495 1025 908 1067 confluissent‚eximii
924 1024 1062 1060 exinde

112 1078 261 1115 fructus
293 1091 361 1125 pro
391 1079 591 1125 religionis
622 1088 661 1115 et
695 1079 949 1114 scientiarum
982 1089 1064 1123 pro-

111 1132 217 1168 fectu
249 1133 401 1179 sperari
431 1136 624 1180 poterant.
648 1132 725 1168 Sed
746 1131 1064 1178 praevalentibus

111 1187 237 1233 magis
257 1188 458 1234 magisque
487 1186 759 1222 seditiosorum
788 1190 826 1220 et
854 1186 1065 1231 impiorum

114 1240 330 1280 conatibus,
342 1240 487 1275 ultimis
504 1240 616 1275 annis
631 1245 759 1274 status
777 1251 909 1275 rerum
929 1238 966 1273 in
979 1239 1065 1274 Gal-

115 1293 167 1329 lia
185 1293 312 1330 denuo
328 1294 442 1329 valde
461 1294 638 1329 turbatus
658 1299 730 1329 est.

163 1347 378 1382 Enimvero
406 1347 688 1388 ostracismus,
724 1345 771 1381 ad
799 1356 911 1392 quem
940 1345 977 1380 vi
1004 1345 1066 1380 de-

115 1401 213 1435 creti
238 1400 313 1436 diei
341 1400 385 1435 ‘29
419 1400 551 1435 martii
580 1400 698 1436 18801
728 1411 798 1446 per
830 1399 1065 1445 (lomayogsos

115 1453 326 1490 damnatae
354 1460 445 1488 sunt
471 1453 814 1500 Congregationes
841 1453 1064 1499 Religiosae

115 1507 153 1541 in
180 1507 318 1542 Galliis
345 1507 559 1542 existentes
582 1535 589 1548 ,
618 1506 842 1553 praetexuit
870 1505 1066 1541 detectum

116 1560 398 1606 recognitionis
426 1560 474 1595 ad
501 1561 630 1606 legum
661 1561 841 1595 tramites
860 1571 932 1606 quo
960 1559 1068 1606 ipsae

116 1613 364 1655 laborabant,
384 1624 460 1660 qua
486 1612 752 1659 recognitione
771 1615 837 1648 vix
858 1612 968 1660 pauci
995 1612 1066 1647 Or-

118 1666 228 1703 dines
248 1667 284 1701 in
304 1667 433 1702 Gallia
453 1668 744 1702 muniebantur.
764 1667 881 1702 Hisce
898 1667 1070 1711 Congre—

117 1719 339 1766 gationibus
358 1720 575 1755 iniunctum
595 1725 654 1755 est
673 1726 713 1754 ut
737 1720 854 1755 trium
875 1718 1068 1755 mensium

118 1774 245 1820 spatio
274 1773 557 1820 postulationes
583 1784 653 1818 pro
682 1771 966 1819 recognitione,
993 1784 1071 1808 una

119 1827 289 1875 propriis
307 1827 464 1862 statutis
484 1827 672 1872 gubernio
700 1826 988 1869 exhibuissent,
1009 1838 1071 1862 ex-

119 1881 242 1927 ceptis
270 1885 402 1916 tamen
431 1880 594 1920 Iesuitis,
623 1880 669 1915 de
696 1879 831 1926 quibus
852 1879 890 1914 in
910 1879 1070 1916 decreto

121 1935 353 1977 habebatur,
382 1946 450 1970 eos
477 1935 625 1969 frustra
644 1935 715 1968 lioe
740 1933 842 1969 idem
862 1945 1071 1980 aggressu-

120 2000 200 2030 ros,
228 1989 318 2035 quia
345 1998 545 2034 nunquam
571 1987 751 2034 gubernii
780 1987 1069 2034 beneplacitum

121 2043 305 2088 consequi
335 2043 567 2088 potuissent.

168 2097 323 2132 Interea
347 2095 465 2132 Card.
487 2095 816 2141 Archiepiscopus
836 2094 1071 2130 parisiensis

120 2150 271 2186 litteras
289 2150 337 2185 ad
358 2150 581 2195 Principem
602 2149 871 2195 Reipublicae,
890 2149 937 2184 ad
955 2149 1073 2184 Prae-

120 2204 265 2239 fectum
307 2203 458 2238 consilii
503 2202 665 2249 publicis
705 2203 871 2248 negotiis
912 2202 1071 2237 admini-

121 2257 305 2299 strandis,
321 2262 360 2292 et
378 2256 425 2291 ad
445 2256 717 2302 Praepositum
737 2267 888 2302 quoque
904 2255 1072 2301 negotiis

121 2311 272 2346 Galliae
300 2310 550 2346 interioribus
572 2309 677 2344 misit
695 2321 811 2355 super
826 2309 996 2345 decretis
1013 2309 1073 2345 die

124 2363 168 2400 29
187 2376 320 2400 mense
340 2364 483 2399 martio
503 2363 617 2398 factis
637 2362 827 2398 adversus
847 2365 1075 2409 Congrega-

126 2418 251 2453 tiones
269 2417 488 2463 religiosas.
506 2417 545 2452 ln
564 2416 611 2452 iis
623 2417 775 2462 quidem
794 2417 933 2452 litteris
954 2417 1074 2452 libere

125 2481 247 2518 aeque
264 2481 310 2506 ac
327 2472 479 2518 placate
492 2470 736 2517 purpuratus
753 2471 816 2505 ille
832 2469 1075 2505 demonstra-

124 2525 193 2568 vit,
221 2524 452 2571 ubicumque
479 2528 539 2559 est
563 2525 767 2561 Ecclesiae
795 2523 1013 2559 catholicae
1037 2524 1074 2558 li-

127 2578 258 2614 bertas
293 2578 530 2620 constituta,
570 2578 621 2613 ibi
658 2577 866 2623 religiosos
900 2577 1077 2612 Ordines

125 2637 263 2679 sponte
283 2632 527 2675 coalescere;
544 2635 659 2678 atque
676 2630 766 2666 illud
783 2641 932 2677 quoque
952 2630 1074 2666 scien-

173 2767 182 2787 1
207 2769 253 2799 En
280 2775 396 2800 census
424 2763 649 2798 religiosarum
675 2762 966 2804 congregationum
994 2773 1075 2805 quae

127 2814 160 2846 in
177 2812 286 2845 Gallia
300 2816 391 2844 erant
406 2815 545 2850 tempore
560 2809 784 2850 dispersionis:
808 2810 979 2840 Mulierum
999 2819 1073 2841 con-

126 2860 322 2893 sociationes
336 2863 519 2895 recognitae
536 2855 993 2896 complectobantur11:3,750
1019 2865 1070 2887 so-

127 2915 218 2938 rores
238 2915 246 2943 ;
275 2913 338 2936 non
365 2902 548 2939 recognitae
579 2910 652 2932 vero
673 2906 763 2932 erant
793 2900 940 2938 1:3‚994‚
963 2901 1073 2932 1114116

127 2952 361 2983 associationes
375 2949 433 2979 sub
447 2949 572 2980 dixerso
593 2947 719 2978 noniine
739 2947 907 2978 collectae.
929 2946 1072 2978 Virorum

128 2997 399 3036 congregationes
426 2995 609 3031 recognitae
637 2992 1073 3029 31111ιιῃηὲιπιΙωηιιιν30,(1011

128 3041 278 3079 niciiil)1··.2;
297 3050 377 3081 qnae
399 3049 460 3069 non
479 3045 571 3070 etant
586 3038 768 3075 recognitae
787 3038 887 3075 7500,
907 3041 939 3068 et
958 3038 1074 3079 partie-

129 3088 244 3119 bantur
257 3089 288 3118 in
307 3085 371 3118 384
387 3084 544 3123 Collegia.
558 3085 697 3116 lesuitae
714 3087 806 3115 erant
821 3092 953 3114 nurnero
978 3084 1072 3124 15‹›9;

128 3133 318 3174 Trappistac
339 3131 443 3168 1455;
461 3129 633 3172 Capuccini
653 3130 716 3159 506
734 3155 742 3168 ,
762 3128 978 3161 Franciscales
995 3129 1072 3162 450.

131 3178 170 3209 Et
188 3180 243 3211 liae
256 3176 625 3220 proportionaliratione
646 3175 813 3207 (licendum
828 3175 864 3205 tle
883 3174 1072 3215 Barnabitis,

130 3223 465 3261 Benedictiuensibus‚
487 3221 717 3258 Doininicauis,
738 3220 881 3253 Tudistis
897 3224 959 3254 etc.

1111 274 1285 320 publicae
1321 284 1446 319 genus
1466 299 1474 314 ‚
1508 271 1568 306 cui
1597 269 1805 315 religiosae
1832 266 2060 302 sodalitates

1109 327 1368 363 adversentur
1395 330 1510 372 atque
1541 327 1791 370 repugnent3
1820 331 1894 356 non
1923 330 2062 367 parum

1109 387 1237 416 autem
1259 381 1450 415 interesse
1480 375 1772 424 tranquillitatis
1792 374 1983 420 publicae,
2006 376 2064 408 tot

1108 434 1256 469 civibus
1285 432 1450 467 innoxiis
1484 431 1613 478 quiete
1650 427 1877 475 placideque
1906 425 2060 462 vivendi

1110 489 1302 533 integram
1331 496 1492 520 manere
1522 483 1772 525 l'acultatem;
1793 492 1866 516 non
1893 491 1980 516 esse
1999 479 2065 515 de-

1110 542 1223 588 nique
1255 540 1430 575 virorum
1459 538 1600 584 populo
1629 536 1725 572 bene
1758 534 2061 576 consulentium,

1111 595 1231 630 videri
1250 593 1349 629 velle
1369 604 1392 628 a
1411 592 1600 638 religione
1616 619 1624 632 ,
1643 601 1742 636 quae
1764 587 1984 624 communis
2003 591 2064 623 est

1110 648 1298 690 omnium,
1318 645 1534 686 discedere,
1555 643 1744 690 fidemque
1765 641 1998 677 catholicam
2017 640 2065 676 ab

1111 701 1194 736 avis
1218 706 1257 736 et
1283 699 1493 735 maioribus
1513 696 1756 733 haereditate
1775 699 1978 742 acceptam
2001 694 2064 729 ho-

1111 755 1253 790 stiliter
1281 752 1513 789 consectari.

1158 809 1391 845 Ceterorum
1424 809 1556 842 autem
1593 804 1879 851 Episcoporum
1913 802 2065 838 Galliae

1113 862 1251 898 cadem
1283 861 1330 897 de
1366 860 1530 896 funestis
1557 858 1631 893 iltis
1664 856 1835 893 decretis
1869 855 2064 892 sententia

1114 916 1198 957 fuit,
1218 915 1396 961 idemque
1415 913 1612 948 iudicium.
1628 911 1777 947 Omnes
1796 910 1900 953 enim
1920 920 2067 956 magna

1115 972 1201 1004 eum
1231 967 1343 1003 laude
1371 965 1610 1001 fortitudinis
1628 975 1674 1000 ac
1702 963 1982 999 moderationis
2004 974 2067 1009 pa-

1116 1021 1324 1057 trocinium
1370 1019 1560 1056 Ordinum
1601 1017 1875 1064 religiosorum
1917 1016 2067 1063 publice

1115 1075 1363 1122 studioseque
1391 1076 1667 1119 susceperunt.

1162 1129 1237 1164 Tot
1263 1134 1538 1174 tantorumque
1558 1126 1787 1162 meritorum
1818 1125 2069 1162 commenda—

1119 1183 1184 1227 tio,
1218 1183 1403 1219 concordi
1438 1182 1723 1228 Episcoporum
1755 1181 1974 1216 testimonio
2008 1180 2064 1215 in-

1115 1242 1281 1279 structa,
1309 1237 1403 1272 satis
1431 1235 1570 1270 virium
1599 1235 1646 1270 ad
1676 1235 1910 1270 intentatam
1938 1234 2065 1280 prohi-

1116 1290 1280 1326 bendam
1310 1290 1459 1325 cladem
1488 1289 1670 1324 habitura
1694 1288 1924 1331 videbatur;
1957 1298 2071 1334 prae-

1118 1344 1255 1380 sertim
1292 1355 1378 1378 cum
1406 1343 1556 1378 Galliae
1585 1342 1691 1377 cives
1717 1353 1765 1377 ex
1791 1341 1896 1376 omni
1930 1341 2068 1377 ordine

1119 1397 1232 1443 longe
1252 1397 1420 1443 plurimi,
1439 1396 1637 1443 praesenti
1655 1406 1861 1431 sacrorum
1877 1394 2070 1430 Ordinum

1117 1449 1343 1486 discrimine
1371 1449 1587 1492 commoti,
1621 1449 1718 1484 alius
1749 1449 1823 1483 alio
1860 1447 2070 1484 studiosius

1121 1504 1295 1550 profiteri
1311 1504 1557 1539 voluntatem
1574 1501 1975 1545 suam,honestissimo
1987 1512 2071 1537 cer-

1121 1558 1265 1593 tamine
1292 1556 1468 1604 obsequii
1495 1568 1541 1592 ac
1568 1555 1882 1597 benevolentiae,
1911 1558 2071 1590 conten-

1122 1611 1271 1654 derint3
1299 1622 1423 1657 neque
1452 1610 1565 1657 pauci
1592 1609 1826 1655 magistratu
1853 1608 1975 1650 abire,
2005 1619 2070 1655 pu·

1123 1664 1307 1710 blicisque
1330 1663 1554 1699 muneribus
1573 1673 1658 1698 sese
1677 1661 1859 1697 abdicare
1877 1671 2071 1696 memora-

1122 1718 1185 1752 bili
1218 1717 1397 1764 exemplo
1427 1716 1664 1752 fortitudinis
1695 1715 1927 1756 maluerint,
1956 1724 2072 1760 quam

1124 1774 1191 1807 aut
1209 1771 1329 1806 cladis
1348 1770 1547 1806 adiutores
1562 1781 1602 1805 se
1619 1769 1900 1815 praebere,aut
1918 1768 2073 1815 illorum

1122 1824 1370 1860 decretorum
1399 1824 1575 1858 fautores
1601 1822 1725 1857 videri
1747 1850 1755 1864 ,
1782 1822 1917 1868 quibus
1950 1820 2074 1867 legiti-

1123 1888 1210 1913 mae
1226 1888 1371 1924 usuque
1391 1876 1572 1912 diuturno
1593 1878 1781 1921 receptae
1800 1875 1943 1910 civium
1961 1873 2073 1910 liber-

1124 1932 1195 1967 tati
1222 1930 1359 1966 inferri
1386 1941 1508 1976 grave
1534 1929 1671 1964 vulnus
1690 1928 1975 1974 intelligebant.

1171 1984 1248 2019 Sed
1275 1984 1323 2020 ad
1354 1984 1616 2019 nobilissimas
1647 1983 1931 2029 Episeoporum
1958 1992 2074 2017 voces

1123 2038 1398 2085 hominumque
1442 2037 1724 2072 catholicorum
1774 2035 2040 2082 querimonias
2059 2062 2068 2077 ‚

1124 2093 1226 2127 male
1253 2092 1455 2137 auspicato
1483 2090 1657 2133 consilio,
1676 2089 1834 2124 clausae
1852 2099 1969 2124 aures
1993 2088 2074 2124 fue-

1124 2150 1227 2181 runt.
1256 2146 1334 2180 Imo
1362 2143 1631 2190 imprudenter
1658 2142 1937 2178 coniiciebatur
1964 2142 2077 2177 soda-

1125 2199 1256 2234 litates
1281 2198 1486 2244 religiosas
1505 2209 1581 2232 non
1600 2208 1687 2232 esse
1715 2196 1915 2231 interitum
1935 2206 2073 2231 evasu-

1124 2264 1202 2296 ras,
1229 2252 1384 2287 etiamsi
1412 2251 1587 2297 legitima
1613 2250 1846 2286 societatum
1875 2249 1960 2284 iura
1981 2248 2075 2292 peti-

1125 2306 1292 2350 vissent3
1313 2305 1494 2352 quoniam
1515 2316 1590 2339 non
1611 2303 1784 2339 obscuris
1804 2314 1937 2337 rerum
1955 2306 2072 2350 atque

1125 2360 1345 2394 animorum
1374 2359 1523 2393 indiciis
1549 2359 1645 2393 satis
1663 2357 1880 2404 apparebat
1900 2356 2074 2403 proposi·

1126 2418 1207 2448 tum
1234 2413 1280 2449 de
1316 2412 1497 2448 tollendis
1530 2412 1655 2447 sacris
1685 2410 1894 2446 Ordinibus
1921 2410 1996 2445 iam
2035 2410 2073 2446 in

1127 2467 1320 2502 mentibus
1346 2466 1554 2508 insedisse3
1574 2475 1737 2510 eamque
1756 2464 1803 2499 ob
1822 2475 1906 2499 rem
1927 2463 2072 2500 decere

1126 2520 1299 2556 unanimi
1310 2520 1505 2556 sententia
1520 2521 1759 2554 censuerunt
1772 2518 1969 2553 abstinere
1988 2530 2075 2566 pre-

1127 2575 1263 2618 cibus;
1291 2586 1337 2610 eo
1377 2574 1503 2619 magis
1535 2572 1633 2619 quod
1668 2572 1768 2607 aliae
1804 2582 1968 2607 caussae
1995 2583 2072 2608 non

1127 2628 1433 2674 deessent‚quae
1451 2626 1613 2672 idipsum
1632 2624 2073 2673 persuaderent-Itaque

1128 2682 1175 2716 ad
1205 2681 1455 2717 constitutam
1483 2678 1586 2718 diem
1604 2707 1612 2721 ,
1639 2679 1682 2715 30
1710 2679 1866 2724 augusti
1898 2677 2009 2722 1880,
2036 2679 2074 2714 vi

1127 2735 1324 2775 adhibita,
1353 2733 1476 2778 primo
1507 2732 1571 2766 illo
1598 2731 1756 2767 decreto
1784 2731 1847 2778 agi
1876 2736 2074 2779 coeptum,

1127 2800 1198 2836 quo
1225 2787 1475 2823 sanciebatur
1501 2790 1542 2820 ut
1569 2785 1749 2820 Societas
1774 2785 1861 2820 Iesu
1887 2785 2074 2822 universa

1127 2842 1254 2878 Gallia
1280 2840 1573 2874 dissolveretur.
1594 2838 1687 2873 Eius
1713 2838 1770 2874 rei
1793 2849 1932 2874 caussa
1950 2839 2072 2886 Lega-

1128 2901 1205 2931 tum
1234 2892 1480 2928 Pontificium
1510 2891 1672 2927 Parisiis
1692 2892 1971 2928 consistentem
1994 2894 2073 2930 Leo

1130 2949 1198 2995 Pp.
1225 2948 1313 2982 XIII
1341 2946 1495 2981 deferre
1523 2945 1719 2991 extemplo
1746 2945 1857 2981 iussit
1890 2947 2074 2993 querelas

1128 3004 1225 3037 Suas
1253 3000 1301 3035 ad
1336 2999 1391 3034 rei
1421 2998 1595 3045 publicae
1628 2998 1913 3042 moderatores,
1940 3000 2070 3036 simul-

1127 3067 1197 3102 que
1225 3052 1458 3095 ostendere,
1489 3052 1579 3087 nihil
1608 3064 1693 3088 esse
1721 3053 1798 3088 tale
1825 3053 1987 3089 meritos
2016 3057 2074 3090 tot

1126 3112 1324 3154 spectatae
1364 3105 1517 3140 virtutis
1555 3105 1687 3140 viros:
1725 3117 1888 3152 quorum
1929 3106 2073 3143 carita⁴

1129 3166 1231 3203 tem,
1261 3159 1477 3195 doctrinam
1496 3185 1504 3200 ‚
1539 3169 1730 3205 curasque
1765 3170 1917 3194 summo
1943 3158 2072 3196 studio

1128 3218 1166 3251 ct
1193 3212 1411 3261 perspicaci
1438 3211 1643 3259 prudentia
1669 3212 1707 3248 in
1734 3211 1935 3248 educanda
1961 3224 2072 3263 prae·
