2241 3473
232 136 311 180 296

178 224 364 263 Clemens
390 223 461 270 Pp.
481 222 552 258 XII
573 224 848 259 conventicula
866 235 1003 259 eorum
1020 224 1127 261 dam-

178 279 312 322 navit,
340 285 379 313 et
416 276 486 311 sub
519 287 648 323 poena
679 278 1125 322 excommunicationis,

178 333 261 380 ipso
277 333 380 367 facto
395 329 671 373 incurrendae,
688 332 932 378 compescuit
947 332 1062 368 Bulla
1077 332 1128 368 In

180 383 376 426 eminenti,
405 383 497 419 data
523 384 582 419 1v⁰
609 384 794 420 calendas
820 386 968 430 maias,
988 386 1026 421 in
1053 397 1129 433 qua

177 437 384 486 speciatim
411 438 641 484 reprobavit
666 438 958 483 iuramentum,
987 440 1035 476 ab
1060 440 1128 475 ini-

178 491 320 528 tiandis
346 492 648 538 praestandum,
679 497 718 528 et
744 494 900 530 occulta
926 498 1042 542 atque
1069 506 1131 530 su-

177 550 315 592 scepta
346 544 589 580 initiatorum
633 546 845 582 molimina.
884 548 1127 584 Gubernium

175 598 423 634 Gallicanum
450 599 678 635 eorumdem
706 605 864 636 secreta
883 601 1046 637 consilia
1063 601 1129 637 ha-

176 651 270 687 bens
296 654 480 698 suscepta
497 680 505 694 ,
535 653 811 689 conventicula
838 655 1064 702 prohibuit,
1091 659 1130 691 et

176 704 324 751 aliquot
343 704 485 747 socios,
513 706 589 752 qui,
611 718 688 742 non
707 707 891 746 obstante
910 708 983 744 hac
1002 708 1130 755 prohi-

176 757 334 799 bitione,
363 765 646 804 convenerant,
672 761 857 808 intercipi
886 762 1013 798 iussit.

221 812 302 847 Iam
328 811 417 848 inde
445 813 494 849 ab
520 824 623 850 anno
653 815 744 851 1735
771 815 809 850 in
830 816 1043 852 Hollandia
1068 827 1133 851 oc-

175 866 304 902 cultae
330 867 542 904 societates
561 869 609 904 ab
629 869 843 905 Ordinibus
867 870 1033 916 publicis
1051 870 1132 907 fue-

174 924 266 955 rant
293 921 552 967 proscriptae.
574 923 614 958 ln
642 923 829 959 Helvetia
847 924 1006 960 easdem
1026 935 1140 960 anno·

176 974 267 1010 1748
303 975 536 1023 proscripsit
569 977 802 1024 gubernium
835 979 1052 1014 Bernense.
1088 979 1128 1014 In

173 1028 304 1064 Gallia
335 1033 469 1065 autem
506 1030 545 1065 hi
584 1032 745 1078 pessimi
780 1032 1048 1076 Muratores,
1089 1038 1132 1068 ut

174 1082 372 1129 potentius
411 1088 549 1120 contra
587 1085 790 1122 obstacula
827 1087 1015 1122 auxilium
1058 1088 1129 1123 sibi

175 1142 484 1183 compararent,
512 1149 576 1174 an.
607 1140 695 1176 1741
724 1140 961 1187 dignitatem
996 1142 1131 1189 magni

174 1190 356 1236 magistri
377 1192 632 1228 contulerunt
650 1194 781 1229 comiti
802 1195 1127 1238 Clammontano,

173 1244 274 1290 regii
301 1246 507 1292 sanguinis
534 1247 730 1295 principi3
758 1260 807 1285 ex
841 1260 917 1296 quo
949 1254 1128 1297 tempore

173 1308 311 1333 eorum
348 1303 566 1336 conventus
599 1301 741 1338 ibidem
772 1314 850 1338 una
885 1315 973 1339 cum
1006 1305 1131 1341 irreli-

174 1351 300 1397 gionis
326 1354 467 1400 genio,
503 1366 671 1402 quocum
698 1357 737 1391 in
772 1357 918 1403 Anglia
951 1358 1131 1395 adoleve-

173 1409 286 1449 rant,
315 1409 524 1454 propagati
552 1413 654 1445 sunt.
685 1410 940 1458 Quapropter
966 1413 1130 1449 Benedi-

173 1463 258 1494 ctus
277 1459 347 1507 Pp.
369 1461 461 1497 XIV
482 1463 803 1500 constitutionem
820 1466 1038 1502 Clementis
1058 1467 1129 1503 XII

173 1512 397 1558 innovavit,
417 1520 457 1551 et
475 1516 562 1552 illas
579 1518 789 1554 societates
808 1519 952 1555 iterum
971 1520 1131 1557 damna-

173 1567 229 1602 vit
254 1572 372 1615 atque
399 1571 597 1616 prohibuit
623 1572 740 1608 Bulla
766 1572 1012 1619 Prouvidas,
1038 1576 1131 1612 data

175 1622 248 1657 xv⁰
275 1623 463 1659 calendas
490 1626 626 1672 aprilis
656 1627 763 1670 1751,
790 1627 828 1662 in
857 1639 934 1675 qua
961 1631 1130 1676 peculia-

176 1675 274 1711 riter
300 1678 451 1714 notavit
477 1690 614 1715 earum
643 1691 793 1716 arcana
819 1683 1013 1728 mysteria
1031 1713 1039 1727 ,
1068 1695 1130 1719 oc-

175 1730 300 1766 cultos
327 1743 578 1780 congressus,
597 1740 783 1782 suspecta
800 1736 1000 1782 quibusvis
1022 1738 1131 1775 bonis

175 1784 359 1829 consilia,
388 1788 592 1823 contraria
618 1789 847 1824 auctoritati
882 1791 1080 1836 publicae,
1110 1804 1132 1828 a

175 1848 251 1884 qua
278 1839 315 1874 in
343 1841 466 1877 variis
494 1843 612 1878 terris
640 1843 1028 1882 i'uerantinterdicta
1052 1858 1132 1882 mo-

174 1891 322 1929 limina.

224 1947 281 1983 De
299 1947 438 1984 harum
455 1951 689 1988 societatum
707 1965 794 1990 cum
810 1953 1001 2001 degeneri
1016 1956 1131 1992 Tem-

175 2000 389 2047 plariorum
405 2004 576 2050 equitum
597 2006 734 2043 ordine
750 2012 790 2044 et
805 2008 1129 2045 Manichaeorum

174 2055 295 2091 sectis
321 2057 527 2103 affinitate,
545 2059 669 2107 deque
690 2072 826 2097 earum
848 2063 1011 2098 infensis
1031 2064 1129 2099 chri-

174 2109 328 2146 stianae
363 2111 543 2158 religioni
579 2119 619 2149 et
654 2115 790 2161 regiae
825 2117 1011 2163 potestati
1041 2129 1129 2152 con-

174 2163 272 2198 siliis
284 2163 417 2210 legere
430 2165 537 2202 iuvat
547 2167 769 2214 Scriptores
780 2169 885 2205 infra
896 2169 1088 2206 indicatos
1102 2174 1129 2203 1.

173 2217 335 2254 Certum
353 2225 427 2262 est,
446 2230 515 2255 eas
532 2232 610 2256 una
629 2234 715 2257 cum
744 2223 984 2270 irreligionis
1011 2226 1129 2272 genio

173 2271 854 2323 adolevisse,quosvisReligioniset
871 2278 1003 2325 regiae
1026 2285 1129 2326 potc-

173 2327 287 2361 statis
313 2326 446 2364 hostes
472 2328 694 2365 incredulos
721 2331 834 2366 liuius
860 2333 1008 2367 saeculi
1036 2335 1132 2369 scri—

174 2383 322 2425 ptores,
352 2383 589 2428 praesertim
618 2395 700 2426 eos,
729 2385 791 2431 qui
820 2385 966 2421 nullam
987 2386 1033 2425 de
1055 2388 1129 2424 Ro-

175 2433 316 2480 ligione
345 2448 480 2472 curam
509 2437 727 2474 habendam
757 2445 957 2483 asserunt,
978 2441 1127 2477 eisdem

174 2487 318 2526 favisse
359 2503 507 2539 suaque
542 2492 701 2528 nomina
726 2492 910 2536 dedisse;
939 2506 1006 2529 eos
1033 2507 1128 2531 vero

175 2543 236 2590 qui
264 2544 505 2582 christianae
535 2546 716 2593 religioni
736 2547 894 2583 sincera
916 2553 1046 2585 niente
1066 2550 1128 2584 ad-

174 2597 265 2633 dieti
302 2604 392 2634 sunt
411 2629 418 2642 ,
446 2600 494 2635 ab
529 2600 604 2636 illis
630 2612 791 2648 semper
818 2601 937 2637 fuisse
965 2602 1126 2639 alienos.

177 2651 396 2689 Praeterea
411 2654 551 2690 harum
569 2655 803 2690 societatum
820 2666 979 2702 scopum
992 2662 1129 2703 aperte

176 2706 350 2743 indicant
385 2714 501 2755 atque
535 2714 760 2756 suspectum
794 2708 963 2744 reddunt
991 2711 1130 2745 lei-rili-

175 2772 262 2796 cum
292 2762 555 2798 iuramentum
584 2763 768 2799 servandi
798 2774 962 2807 arcana,
991 2765 1038 2800 ab
1065 2766 1131 2800 ini-

176 2816 321 2851 tiandis
350 2818 658 2863 praestandum,
688 2818 831 2853 occulti
867 2830 1130 2865 congressus,

175 2875 358 2906 secretae
389 2871 567 2919 loquendi
598 2872 819 2917 formulae,
847 2872 1025 2920 symbola
1055 2886 1133 2921 ηψ-

224 2976 229 2995 ¹
261 2979 296 3007 Α.
321 2978 470 3016 Bnrrucl,
492 2977 668 3012 lllaeimoires
682 2989 770 3021 pour
790 2979 898 3010 servir
915 2976 934 3011 (ἰ
952 2979 972 3011 Ι’
986 2979 1132 3011 Histoire

176 3021 220 3052 (Ιιι
248 3023 488 3063 Jttcohinisme,
519 3026 660 3056 llondrrs
692 3027 789 3064 l7‘.)l'›‚
817 3027 835 3055 5
858 3027 938 3056 voll.
960 3025 1061 3063 ill-8⁰3
1093 3026 1133 3056 lit·

180 3069 293 3105 rinno,
325 3069 363 3100 te
391 3073 474 3103 veile
493 3069 578 3107 leva,
598 3082 640 3102 ou
662 3072 809 3104 Histoire
828 3072 867 3103 (lc
885 3073 916 3103 Ia
940 3071 1133 3104 Pione-Ma-

177 3116 349 3153 ςτυηηρνὲη,
370 3117 465 3155 ΙΛιἋμιε
487 3118 696 3161 182lJ,in-8'¹;
716 3119 871 3155 llrnriun,
892 3117 1134 3149 (Innlinualinn

177 3159 216 3189 de
244 3161 263 3190 l'
281 3161 424 3193 Histoire
450 3163 489 3194 (le
515 3164 535 3195 l'
553 3165 680 3204 Egllv'se,
701 3175 753 3195 an.
774 3164 940 3198 lma-51:
959 3163 1136 3196 lllemorial

694 140 700 145 ³
732 152 898 180 EPOCHA
921 153 995 180 XII.
1020 154 1047 180 Α
1067 154 1238 182 LITIBVS
1256 155 1566 183 IANSENISTICIS

1179 226 1362 270 steriosa,
1390 227 1577 274 variaque
1603 226 1853 271 documenta,
1883 240 1932 266 ex
1958 228 2137 277 ipsorum

1178 279 1379 315 sociorum
1399 280 1723 324 revelationibuS,
1744 281 1898 327 litteris,
1919 283 2135 332 libellisque

1180 333 1360 369 collecta.
1396 334 1482 370 Nec
1516 345 1749 382 quemquam
1777 340 1962 380 moveat,
1991 336 2051 373 his
2077 348 2136 373 so-

1180 387 1388 423 cietatibus
1417 387 1639 434 adscriptos
1664 388 1784 424 fuisse
1811 393 1851 426 et
1868 390 1976 427 viros
1995 390 2137 437 princi-

1179 452 1271 488 pes,
1302 453 1419 487 reges
1446 446 1485 477 et
1509 441 1626 485 alios,
1655 442 1703 477 ab
1730 441 1872 490 iniquis
1898 443 1935 478 in
1964 444 2136 491 Religio-

1180 506 1270 530 nem
1290 499 1330 531 et
1348 495 1500 542 regiam
1521 498 1759 542 potestatem
1779 496 2137 534 machinationibus

1180 547 1356 593 alien0s3
1384 553 1540 585 constat
1566 550 1686 592 enim,
1715 550 1820 586 inter
1845 550 2021 587 initiatos
2048 562 2136 588 esse

1179 602 1312 638 varios
1340 603 1487 650 gradus
1505 632 1513 647 ,
1543 608 1583 639 et
1609 603 1832 639 secretiora
1868 603 2030 640 consilia
2055 615 2134 641 non

1180 656 1253 691 nisi
1272 667 1428 692 summa
1446 656 1656 704 prudentia
1670 660 1710 693 et
1725 657 2018 704 probatioribus
2032 669 2137 694 com-

1182 710 1399 746 municari:
1430 723 1558 758 neque
1592 711 1951 759 praetermittenda
1982 711 2051 747 illa
2076 716 2136 749 est

1180 764 1496 808 animadversio,
1533 765 1768 813 coriphaeos
1799 765 1915 802 huius
1946 765 2136 802 immundi

1180 819 1353 865 agminis
1367 831 1416 855 ex
1432 819 1625 855 industria
1634 825 1839 867 cooptasse
1855 819 2138 867 inilludmagni

1181 873 1348 909 nominis
1374 874 1501 918 viros,
1528 878 1572 909 ut
1598 873 1738 909 horum
1767 873 1989 921 patrocinio
2016 874 2136 911 tutius

1181 926 1400 974 celerisque
1431 928 1676 974 propositum
1709 926 1782 962 sibi
1808 927 1927 963 finem
1954 938 2136 975 asseque-

1182 985 1332 1016 rentur.
1361 981 1591 1017 Addendum
1620 986 1700 1027 est,
1719 982 2004 1030 posterioribus
2023 982 2136 1018 huius

1180 1035 1329 1070 saeculi
1356 1035 1471 1071 annis
1497 1037 1705 1084 plerosque
1739 1036 1975 1072 Liberorum
2003 1036 2136 1071 Mura—

1182 1092 1309 1124 torum
1339 1094 1558 1126 conventus
1577 1090 1614 1125 in
1635 1090 1852 1127 Germania
1873 1093 1913 1125 et
1930 1089 2060 1135 Gallia
2077 1100 2138 1126 so-

1182 1143 1368 1179 cietatem
1396 1144 1530 1180 iniisse
1557 1156 1646 1180 cum
1674 1145 1735 1188 iis,
1761 1155 1858 1191 quos
1878 1142 2136 1180 [thamin-atos

1183 1202 1339 1233 vocant.

1230 1251 1345 1287 Hanc
1380 1252 1612 1294 societatem
1642 1252 1869 1300 Ingolstadii
1897 1252 1935 1288 in
1963 1253 2138 1288 Bavaria

1182 1316 1284 1340 anno
1313 1306 1404 1342 1776
1431 1306 1611 1342 fundavit
1630 1306 1807 1342 Adamus
1826 1306 2078 1354 Weishaupt,
2096 1306 2136 1341 in

1181 1360 1451 1396 Universitate
1473 1361 1583 1396 istius
1601 1361 1708 1396 urbis
1728 1361 1824 1396 iuris
1842 1361 2056 1408 professor,
2075 1360 2138 1396 vir

1181 1413 1390 1460 inquietus,
1421 1415 1685 1458 turbulentus,
1712 1415 1933 1461 Religionis
1951 1420 1992 1451 et
2010 1415 2137 1452 omnis

1182 1467 1264 1514 iugi
1298 1468 1521 1515 impatiens.
1556 1469 1730 1517 Operam
1760 1469 1795 1505 ei
1822 1469 1910 1505 tulit
1936 1468 2138 1516 Adolphus

1183 1522 1230 1557 de
1257 1522 1432 1569 Knigge,
1459 1523 1598 1559 nobilis
1626 1524 1958 1566 Hannoveranus,
1976 1523 2136 1569 ingenio

1183 1582 1223 1611 et
1240 1577 1395 1616 ,astutia
1422 1576 1642 1624 praeditus.
1670 1577 1843 1613 Ultimus
1873 1577 1987 1613 liuius
2012 1577 2135 1614 socie-

1183 1630 1276 1666 tatis
1302 1630 1391 1666 finis
1416 1635 1506 1667 erat
1540 1631 1759 1678 Religionis
1791 1636 1830 1667 et
1857 1630 2062 1676 regiminis
2085 1631 2136 1667 ci-

1182 1684 1270 1720 vilis
1288 1684 1511 1731 abrogaffio,
1531 1685 1570 1720 in
1590 1696 1755 1732 quorum
1775 1685 1904 1721 locum
1923 1684 2136 1721 dictamina

1183 1739 1348 1774 rationis
1375 1745 1415 1775 et
1441 1739 1621 1786 regimen
1650 1739 1924 1782 domesticum,
1952 1738 2052 1786 quod
2072 1749 2136 1786 pa-

1184 1793 1395 1830 triarchale
1423 1793 1638 1840 appellant,
1666 1797 1923 1840 ponerentur.
1953 1791 2028 1828 Hic
2047 1792 2136 1830 finis

1183 1847 1311 1883 socios
1339 1848 1513 1891 latebat,
1542 1852 1582 1884 et
1609 1847 1653 1883 iis
1680 1852 1832 1883 tantum
1860 1846 2043 1894 patebat,
2070 1847 2136 1894 qui

1183 1913 1254 1949 per
1280 1902 1491 1938 inferiores
1520 1901 1667 1949 gradus
1686 1900 1841 1948 probati
1862 1900 1910 1936 ad
1930 1911 2137 1947 supremos
2168 1947 2173 1953 ἡ

1183 1957 1472 2004 pervenissent.
1502 1955 1728 1998 Illuminati,
1748 1960 1792 1991 ut
1812 1954 2005 1991 nefariam
2024 1955 2136 1991 suam

1183 2011 1517 2058 conspirationem
1552 2011 1667 2046 citius
1706 2010 1900 2057 latiusque
1941 2020 2136 2057 propaga-

1182 2070 1285 2109 rent,
1313 2076 1463 2101 arcana
1490 2075 1560 2101 sua
1586 2065 1751 2100 consilia
1777 2066 1815 2099 in
1843 2063 2055 2099 societates
2076 2063 2137 2099 Li-

1182 2119 1366 2156 berorum
1402 2120 1654 2155 Muratorum
1693 2129 1794 2166 quae
1826 2121 1919 2153 tunc
1946 2117 2137 2164 temporis

1182 2174 1330 2209 multae
1349 2173 1387 2208 in
1408 2172 1622 2209 Germania
1640 2177 1679 2208 et
1694 2172 1823 2207 Gallia
1837 2175 1967 2214 erant,
1985 2170 2136 2208 inferre

1182 2227 1254 2263 nisi
1282 2231 1386 2268 sunt,
1415 2238 1581 2274 eumque
1609 2226 1646 2260 in
1673 2226 1791 2261 finem
1821 2229 1903 2261 tres
1923 2229 2135 2261 consuetos

1180 2282 1335 2317 illorum
1369 2280 1515 2327 gradus
1549 2284 1734 2327 tanquam
1770 2278 1926 2315 infimos
1958 2278 2039 2314 suis
2073 2289 2136 2314 ar·

1181 2337 1290 2372 canis
1325 2335 1633 2384 praemiserunt.
1673 2334 1760 2374 Quo
1800 2334 1948 2369 factum
1987 2336 2066 2377 est,
2094 2336 2137 2368 ut

1181 2400 1268 2437 post
1288 2400 1434 2438 paucos
1462 2399 1585 2424 annos
1617 2399 1693 2423 non
1720 2398 1865 2434 paucas
1885 2387 2134 2422 Muratorum

1180 2444 1416 2486 societates,
1448 2448 1609 2490 praeter
1638 2453 1705 2477 eas
1732 2453 1755 2477 a
1782 2453 1823 2477 se
1852 2441 2068 2484 institutas,
2097 2439 2134 2475 in

1179 2499 1396 2534 Germania
1423 2497 1470 2532 ad
1497 2507 1569 2531 sua
1595 2495 1759 2531 consilia
1787 2493 2032 2530 admittenda
2049 2504 2136 2540 per-

1179 2553 1384 2588 ducerent.
1427 2551 1647 2587 Praeterea
1686 2559 1938 2596 summopere
1980 2547 2135 2584 solliciti

1180 2612 1310 2647 erant,
1337 2612 1380 2641 ut
1398 2605 1520 2649 viros,
1540 2604 1772 2640 muneribus
1791 2601 1954 2650 publicis
1974 2602 2135 2649 fungen-

1182 2666 1253 2703 tes,
1284 2661 1320 2695 in
1351 2670 1462 2695 snam
1483 2658 1715 2694 societatem
1738 2656 2031 2705 pertraherent,
2054 2666 2135 2691 mu·

1181 2726 1278 2751 nera
1312 2714 1464 2761 publica
1490 2713 1570 2747 suis
1597 2712 1814 2748 fautoribus
1841 2711 2134 2753 conferrentur,

1183 2769 1300 2804 libros
1331 2767 1410 2803 suis
1438 2766 1612 2802 consiliis
1639 2773 1679 2802 et
1705 2765 1911 2801 sententiis
1938 2773 2137 2810 congruos

1184 2825 1466 2870 propagarent.
1499 2821 1611 2855 Anno
1642 2819 1732 2856 1784
1760 2817 1979 2864 perniciosa
1998 2827 2134 2852 eorum

1184 2875 1424 2923 conspiratio
1446 2885 1468 2909 a
1485 2873 1677 2920 regimine
1694 2872 1889 2908 Bavarico
1905 2870 2063 2907 detecta
2077 2874 2138 2906 est

1184 2934 1223 2966 et
1243 2930 1398 2965 funesta
1417 2933 1566 2963 statuta
1585 2931 1698 2974 atque
1720 2925 1883 2962 consilia
1899 2925 2137 2970 intercepta.

1185 2983 1273 3019 Ideo
1295 2994 1431 3019 eorum
1449 2981 1660 3018 societates
1676 2992 1723 3016 ex
1739 2979 1845 3015 omni
1861 2977 2036 3014 Bavaria
2051 2987 2138 3023 pro-

1184 3037 1376 3083 svn-imae,
1406 3036 1498 3071 socii
1528 3034 1756 3070 muneribus
1785 3032 1948 3080 publicis
1975 3030 2138 3078 privati,

1187 3091 1359 3126 nonnulli
1389 3089 1543 3125 carceri
1571 3087 1786 3135 mancipati
1819 3087 1989 3123 fuerunt,
2013 3084 2138 3121 &Veis-

1187 3145 1308 3192 lnaupt
1339 3156 1426 3179 cum
1463 3143 1549 3178 aliis
1577 3154 1597 3179 e
1626 3142 1799 3179 Bavaria
1825 3140 1933 3187 sugit.
1963 3138 2139 3174 Theodo-

177 3207 299 3237 catlml.
320 3213 342 3238 ι.
360 3208 385 3245 l,
405 3219 434 3249 p.
455 3211 508 3246 :27;
529 3212 562 3243 le.
585 3211 712 3246 Ιᾶυκιϊι,
731 3209 773 3242 Ι,α
794 3210 1134 3248 Frnnc-lllaponnerie
1188 3211 1267 3241 rus,
1288 3199 1438 3233 elector
1453 3197 1668 3239 Bavariae,
1686 3196 1815 3242 iniqua
1830 3193 2137 3230 llluminatorum

178 3256 242 3283 elix.
265 3253 344 3283 [rad.
367 3264 422 3294 pan·
440 3255 460 3286 Ι“
476 3257 526 3287 al».
547 3260 623 3298 (lyr,
642 3255 660 3285 ⁶2
681 3257 762 3288 vell.
785 3257 886 3295 'in-8⁰,
907 3255 1120 3301 [ΦΨ-1854.

1191 3252 1354 3287 consilia
1390 3262 1476 3286 cum
1515 3250 1603 3286 aliis
1636 3248 1923 3296 imperantibus
1961 3245 2141 3283 civilibus
