2241 3473
770 125 897 155 VSQVE
927 125 979 151 AD
1009 123 1290 150 INNOCENTIVM
1318 124 1374 150 111.

102 189 327 229 Fridericus
361 187 509 227 frustra
535 189 583 226 ad
619 189 788 226 schisma
824 187 1051 237 pertrahere

102 242 287 286 tentavit,
302 244 419 289 atque
435 241 685 279 ecclesiarum
699 241 899 290 praesules
912 240 1053 289 ubique

103 295 372 335 Alexandrum
400 294 453 330 ΙΙΙ
486 306 554 331 ceu
585 295 801 343 legitimum
833 293 1051 342 pontificem

104 351 353 396 susceperunt
371 345 395 383 ¹.
411 347 450 383 ln
468 347 604 395 primis
619 347 787 395 episcopi
808 346 1054 383 Palaestinae

104 411 195 438 cum
225 400 427 436 Amalrico
449 400 674 448 patriarcha
695 398 1053 446 Hierosolymitano

104 465 166 491 an.
192 452 293 489 1100
308 453 342 489 in
361 453 508 500 synodo
529 452 806 489 Nazaretliana
828 450 1053 487 Alexandro

105 505 162 543 Ill
174 505 432 542 obedientiam
448 505 608 553 professi
622 508 726 548 sunt,
741 503 958 540 Octaviano
975 503 1058 550 qui-

106 558 196 595 dem
211 559 373 605 eiusque
392 558 606 595 fautoribus
625 558 837 594 anatliema
859 555 1055 592 dixerunt.

106 611 253 648 Eadem
275 611 322 647 de
342 622 461 648 causa
483 621 582 646 anno
597 614 786 657 sequente
803 608 997 645 Henricus
1021 607 1054 644 II

107 675 177 701 rex
194 664 359 712 Angliac
379 664 479 711 apud
499 662 652 699 Novum
675 662 891 699 Mercatum
913 665 951 696 et
973 660 1055 696 Lu-

109 716 270 754 dovicus
299 715 374 752 vlt
407 726 475 752 rex
497 715 650 752 Galliae
681 714 783 762 apud
808 713 1056 750 Bellovacum

109 769 321 818 episcopos,
333 768 492 805 abbates
508 778 762 816 proceresque
779 769 1057 810 convocarunt,

110 826 149 859 et
179 823 216 858 in
241 826 404 868 utroque
433 827 627 857 conventu
659 819 884 856 Alexander
904 818 959 855 111
989 829 1057 854 su-

110 879 278 923 sceptus,
291 873 532 910 Octavianus
546 884 638 909 vero
658 873 824 909 reiectus
841 871 928 908 fuit..
952 871 1059 907 Idem

111 927 256 965 factum
287 929 346 963 est
374 926 483 962 brevi
524 930 608 974 post
636 926 672 961 in
710 926 864 973 copiosa
898 924 1058 973 synodo,

113 991 228 1028 quam
246 979 358 1016 ambo
381 989 492 1027 reges
512 991 559 1015 ex
585 980 750 1026 utroque
772 989 893 1026 regno
916 976 1062 1014 indixe-

116 1038 210 1069 runt
228 1032 407 1075 Tolosae,
427 1035 466 1068 et
487 1031 546 1068 cui
570 1031 689 1068 etiam
712 1030 979 1068 interfuerunt
1000 1030 1060 1066 le-

113 1086 194 1134 gati
226 1083 452 1130 Alexandri,
475 1083 697 1128 Octaviani,
719 1083 913 1121 Friderici
935 1083 1060 1131 impe-

112 1139 256 1176 ratoris
276 1141 315 1175 et
335 1137 438 1184 regis
459 1136 672 1184 Hispaniae
688 1135 715 1174 ².

170 1191 331 1228 Interim
373 1189 598 1226 Alexander
636 1189 706 1237 Pp.
738 1188 967 1227 convocatis
1001 1200 1062 1225 an.

119 1243 220 1282 1160
232 1244 332 1292 apud
350 1242 571 1290 Anagniam
589 1243 856 1280 cardinalibus
867 1244 905 1278 et
921 1241 1064 1290 episco-

114 1296 454 1346 pis,Octavianum
468 1296 627 1344 eiusque
645 1294 820 1333 fautores
840 1295 1065 1332 anathema-

115 1358 154 1386 te
170 1349 349 1398 perculit;
371 1349 650 1396 imperatorem
669 1349 787 1385 etiam
806 1347 1065 1392 Fridericum,

116 1413 230 1450 quem
261 1401 409 1438 frustra
437 1402 722 1446 admonuerat,
742 1401 1063 1438 excommunica-

117 1459 175 1492 vit
190 1453 216 1492 ³.
231 1455 379 1492 Deinde
393 1454 618 1491 Alexander
635 1466 696 1491 an.
713 1454 814 1492 1162
827 1454 977 1491 vicibus
987 1454 1066 1490 suis

117 1507 155 1544 in
177 1507 285 1544 Urbe
305 1508 552 1544 demandatis
573 1507 669 1543 Iulio
691 1508 868 1555 episcopo
889 1506 1065 1544 Praene-

118 1560 236 1605 stino,
257 1559 432 1608 confugit
461 1560 497 1596 in
520 1559 704 1605 Galliam,
724 1561 787 1597 ubi
817 1572 840 1597 a
870 1555 1089 1596 Ludovico'

119 1613 193 1650 VII
210 1624 354 1661 magno
371 1624 457 1649 cum
474 1613 620 1649 honore
636 1616 824 1661 exceptus
840 1612 1067 1650 est.Eodem
1088 1623 1089 1630 ¹

119 1678 221 1704 anno
250 1665 353 1714 apud
384 1665 846 1702 Montem-Pessulanum
875 1665 1068 1713 synodum

121 1719 272 1764 habuit,
292 1719 330 1755 in
351 1730 427 1766 qua
447 1730 581 1755 rursus
602 1719 640 1755 in
661 1719 886 1767 antipapam
909 1719 1069 1766 eiusque

121 1771 329 1820 complices
368 1771 785 1809 excommunicationis
831 1767 1091 1808 sententiam‘

122 1824 400 1874 promulgavit3
423 1836 523 1861 anno
552 1829 740 1872 sequente
761 1824 1069 1873 frequentiorem

123 2100 213 2126 rum
234 2088 446 2126 anathema
460 2088 499 2124 in
517 2088 744 2137 antipapam
765 2089 927 2137 eiusque
947 2088 1074 2125 fauto-

126 2153 190 2179 res
210 2141 354 2179 dictum
385 2145 456 2187 est,
475 2142 516 2179 et
547 2141 596 2178 10
625 2153 791 2179 canones
811 2142 907 2179 editi
938 2143 1076 2178 contra

127 2194 439 2244 praebendarum
488 2194 717 2232 divisionem
764 2197 803 2232 et
841 2195 1075 2244 dignitatum

128 2355 350 2400 surpantes,
371 2356 508 2390 contra
525 2365 644 2391 novos
661 2354 915 2391 Manichaeos
937 2356 977 2391 et
993 2353 1079 2389 reli·

126 2405 257 2453 giosos
273 2404 403 2453 legum
425 2405 601 2442 civilium
622 2409 691 2443 aut
710 2407 926 2444 medicinae
948 2405 1096 2443 studio*

128 2461 245 2505 atque
275 2457 472 2494 exercitiis
511 2470 599 2495 cum
630 2459 856 2508 disciplinae
885 2458 1079 2508 regularis

129 2509 362 2547 detrimento
380 2513 581 2556 vacantes,
593 2516 730 2549 contra
747 2513 1012 2550 ordinationes
1031 2512 1078 2549 ab

129 2563 346 2600 Octaviano
363 2562 526 2611 aliisque
542 2564 802 2602 schismaticis
819 2569 858 2603 et
870 2565 1079 2603 haereticis

130 2615 256 2652 factas
276 2614 304 2652 ⁴.

181 2667 398 2704 Octaviano
413 2668 597 2717 antipapa
611 2667 657 2706 x⁰
669 2669 851 2708 calendas
869 2671 960 2708 maii
979 2671 1080 2708 1164

129 2720 168 2757 in
197 2720 291 2758 urbe
312 2720 479 2757 Lucensi
509 2724 685 2768 mortuo,
705 2729 745 2760 et
773 2724 811 2760 in
842 2724 1080 2761 monasterio

130 2775 245 2810 extra
265 2772 423 2818 Urbem,
436 2773 539 2820 quod
554 2775 729 2812 canonici
745 2776 931 2814 ecclesiae
952 2776 1080 2814 maio-

173 2878 182 2896 ¹
207 2877 414 2907 Alexandrum
441 2878 559 2917 (inquit
581 2878 763 2916 neimodus,
790 2880 955 2920 presbyter
980 2881 1078 2912 Lube-

132 2918 243 2955 censis,
259 2916 379 2963 Chrcn.
397 2916 520 2949 Slavor.
537 2918 556 2950 l.
572 2919 600 2956 1.
615 2928 639 2949 c.
653 2920 689 2950 91
705 2923 715 2958 )
731 2921 846 2959 recepit
859 2921 1081 2961 Hierosolymi-

133 2962 207 2989 tana
223 2959 356 2989 ecclesia
374 2963 403 2989 et
423 2960 624 2996 Antiochena,
639 2966 802 2999 praeterea
818 2962 918 2992 omnis
939 2963 1080 2999 Francia,

1951 111 2001 148 37

1094 187 1148 225 ris
1177 187 1210 224 ei
1242 187 1483 236 sepulturam
1514 186 1755 236 negassent,
1782 184 1953 233 sepulto,
1983 186 2057 223 duo

1095 240 1177 277 eius
1208 239 1427 277 cardinales
1453 240 1617 277 Ioannes
1645 241 1686 276 et
1705 237 1833 275 Guido
1863 237 2058 275 schisma-

1098 293 1264 329 ticorum
1297 292 1455 330 comitio
1483 294 1709 341 coegerunt,
1738 290 1776 327 in
1807 290 1946 339 quibus
1968 290 2058 328 Gui-

1097 345 1144 381 do
1173 345 1320 382 clectus
1351 350 1391 383 et
1425 346 1496 383 sub
1520 343 1722 382 Paschalis
1744 342 1800 380 III
1824 341 1978 380 nomine
2009 343 2058 380 ab

1099 397 1270 435 Henrico
1290 398 1473 447 episcopo
1492 397 1696 434 Leodicnsi
1719 397 1970 434 consecratus
1985 398 2057 433 est.

1099 451 1215 488 Hunc
1245 462 1336 487 mox
1365 450 1536 499 suscepit
1565 449 1794 487 Fridericus
1821 448 1860 494 I,
1889 450 1930 485 et
1957 459 2059 485 anno

1103 503 1204 539 1165
1233 505 1369 540 coacto
1399 505 1500 552 apud
1523 502 1833 550 NVirceburgum
1855 500 2059 549 episcopo-

1099 566 1187 591 rum
1222 558 1262 592 et
1298 556 1517 603 principum
1551 558 1747 591 conventu
1762 583 1771 599 ,
1804 553 2058 591 iureiurando

1100 608 1316 655 spopondit,
1336 619 1376 645 se
1399 619 1612 655 numquam
1629 606 1855 644 Rolandum
1873 605 2059 655 (Alexan-

1101 661 1213 697 drum
1236 660 1310 707 ΙΙΙ)
1333 666 1618 709 suscepturum,
1640 659 1705 696 sed
1725 660 1761 696 in
1783 659 1987 696 Paschalis
2003 658 2060 696 111

1101 713 1322 750 obedientia
1354 716 1710 762 perseveraturum.
1735 712 1839 749 Idem
1863 712 2061 749 iusiuran-

1105 765 1194 802 dum
1210 764 1720 815 praescripsitpraesulibus
1734 764 2012 802 ecclesiasticis
2023 767 2064 802 et,

1103 818 1341 867 principibus
1368 818 1546 866 imperii,
1567 819 1629 854 cui
1654 821 1870 866 paruerunt
1891 817 2060 866 episcopi

1103 875 1328 919 praesentes
1349 875 1389 908 et
1409 873 1432 907 4
1455 871 1657 919 principes,
1679 882 1817 918 nempe
1838 870 1918 907 dux
1940 869 2062 907 Saxo-

1104 925 1203 969 niae,
1226 925 1396 961 marchio
1409 923 1774 972 Brandeburgicus‚
1796 934 1925 960 comes
1947 922 2061 960 Pala-

1103 977 1208 1014 tinus
1229 979 1268 1013 et
1289 976 1561 1025 Landgravius
1583 975 1608 1013 ¹.
1630 975 1777 1012 Eodem
1799 986 1903 1012 anno
1924 987 1971 1012 ex
1994 987 2062 1013 au-

1103 1031 1285 1067 ctoritate
1307 1032 1514 1078 antipapae
1535 1029 1760 1077 generalem
1778 1039 1984 1076 procerum
2002 1040 2062 1065 ec·

1105 1082 1413 1120 clesiasticorum
1435 1086 1474 1119 et
1494 1082 1685 1118 laicorum
1701 1081 1852 1118 curiam
1870 1080 1996 1130 coegit
2014 1083 2065 1119 A·

1105 1136 1308 1184 quisgrani
1332 1147 1399 1184 pro
1419 1133 1642 1172 elevatione
1662 1136 1702 1171 et
1717 1133 1961 1171 exaltatione
1980 1145 2063 1170 cor-

1108 1189 1210 1237 poris
1226 1188 1355 1226 Caroli
1371 1187 1509 1236 Magni
1525 1185 1551 1224 ².

1159 1241 1305 1278 Verum
1341 1242 1555 1290 imperator
1584 1238 1837 1278 schismatica
1866 1251 2063 1288 saevaque

1107 1306 1178 1332 sua
1199 1294 1340 1342 agendi
1361 1295 1515 1331 ratione
1534 1293 1683 1331 animos
1703 1295 1923 1330 multorum
1945 1304 2064 1341 prae-

1107 1347 1243 1384 sertim
1274 1347 1464 1384 Italorum
1495 1358 1518 1383 a
1542 1357 1582 1382 se
1607 1346 1815 1383 alienabat.
1838 1345 2066 1384 Alexander

1108 1400 1178 1449 Pp.
1196 1412 1218 1437 a
1238 1400 1437 1445 Romanis,
1455 1404 1497 1436 ut
1517 1399 1555 1435 in
1573 1398 1718 1436 Urbem
1742 1400 1903 1446 rediret,
1919 1398 2066 1436 invita-

1106 1456 1192 1498 tus,
1210 1465 1230 1489 e
1249 1452 1376 1490 Gallia
1396 1453 1434 1489 in
1457 1451 1612 1489 Italiam
1634 1463 1820 1489 reversus
1844 1456 1926 1498 est,
1947 1454 1987 1489 et
2006 1449 2067 1489 xl⁰

1108 1506 1178 1543 cal.
1197 1506 1390 1543 decembr.
1406 1505 1507 1543 1165
1518 1515 1670 1542 summo
1687 1505 1862 1542 omnium
1876 1505 2067 1542 Romano·

1109 1571 1195 1595 rum
1217 1559 1359 1606 gaudio
1376 1559 1523 1595 Urbem
1544 1557 1723 1594 intravit.
1747 1560 1861 1596 Anno
1878 1559 2068 1606 sequente

1110 1612 1322 1660 imperator
1342 1611 1546 1660 ingentem
1563 1611 1780 1647 exercitum
1802 1611 1918 1649 duxit
1937 1611 1976 1647 in
1996 1610 2072 1647 Ita-

1088 1704 1090 1707 ,
1110 1664 1223 1709 liam,
1246 1667 1330 1701 tum
1355 1668 1397 1701 ut
1418 1663 1583 1701 rebelles
1603 1663 1786 1700 civitates
1816 1664 1981 1712 imperio
2002 1674 2071 1700 suo

1111 1717 1322 1754 subiiceret
1337 1746 1346 1763 ,
1375 1720 1461 1753 tum
1491 1720 1534 1753 ut
1555 1715 1826 1753 Alexandrum
1848 1716 1920 1765 Pp.
1943 1716 2073 1753 Roma

1111 1770 1328 1818 expelleret
1347 1772 1386 1806 et
1407 1768 1639 1807 Paschalem
1657 1769 1896 1818 antipapam,
1913 1768 1981 1817 qui
1996 1767 2072 1806 Vi-

1089 1832 1092 1875 }
1112 1823 1228 1860 terbii
1257 1822 1422 1872 agebat,
1442 1822 1479 1858 in
1504 1821 1616 1859 Petri
1646 1821 1872 1859 cathedram
1894 1821 2073 1859 intrude-

121 1878 314 1926 synodum
336 1877 464 1925 coegit
480 1877 580 1925 apud
597 1875 1070 1923 '1'urones,cuiinterfue-
1090 1880 1091 1889 ¹

123 1932 217 1967 runt
249 1930 296 1966 17
318 1929 549 1975 cardinales,
574 1930 646 1966 124
676 1930 845 1979 episcopi
867 1941 917 1966 ex
946 1929 1092 1974 Italia,¹

123 1982 256 2020 Gallia
275 1987 314 2019 et
342 1982 498 2031 Anglia,
518 1982 596 2019 414
617 1983 778 2020 abbates
796 2012 805 2028 ,
825 1994 1072 2031 magnusque
1090 1987 1093 2008 ἲ

123 2035 359 2073 clericorum
379 2039 418 2072 et
433 2035 624 2072 laicorum
645 2047 844 2073 numerus.
866 2036 909 2072 Iu
928 2047 974 2072 ea
994 2036 1071 2072 ite·
1091 2049 1093 2053 ·

1113 1878 1184 1913 ret.
1207 1876 1374 1912 Romani
1396 1875 1546 1911 Urbem
1567 1877 1705 1911 contra
1727 1874 1918 1912 Friderici
1948 1874 2074 1922 impe-

1114 1932 1177 1965 tus
1207 1928 1364 1965 fortiter
1395 1927 1676 1973 defenderunt;
1698 1938 1865 1976 cumque
1894 1927 1926 1964 is
1945 1927 1983 1964 in
2005 1937 2074 1963 oc-

1113 1984 1256 2029 cupata
1276 1980 1444 2018 basilica
1471 1992 1502 2018 s.
1519 1979 1628 2017 Petri
1651 1980 1881 2029 inaugurari
1901 1980 2077 2017 iussisset

1116 2033 1363 2079 Paschalem‚
1377 2033 1445 2081 qui
1457 2033 1598 2070 ibidem
1614 2033 1787 2071 calendis
1803 2033 1960 2082 augusti
1974 2032 2076 2070 1167

1115 2086 1361 2124 Fridericum
1383 2086 1549 2134 eiusque
1570 2085 1778 2135 coniugem
1799 2089 1988 2134 augustos
2008 2096 2076 2122 co-

1115 2140 1283 2186 ronavit,
1301 2139 1541 2184 Alexander,
1558 2141 1696 2176 coacta
1715 2138 1755 2176 in
1774 2139 1936 2176 ecclesia
1954 2139 2076 2176 Late-

1092 2228 1095 2242 ,
1116 2193 1269 2230 ranensi
1299 2192 1447 2241 synodo
1461 2221 1470 2239 ‚
1492 2191 1670 2229 Frideric
1682 2203 1746 2230 um
1777 2192 1794 2229 Ι
1825 2192 2077 2229 anathemate

126 2247 468 2296 permutationem,
484 2249 620 2284 contra
639 2248 802 2285 clericos
816 2247 1017 2285 usurarios
1037 2250 1076 2283 et

127 2300 335 2337 simoniam
356 2303 473 2347 atque
494 2299 614 2337 laicos
633 2300 720 2338 iura
741 2301 1007 2338 ecclesiastica
1028 2291 1095 2336 u-⁴

1158 2317 1166 2339 ι
1184 2309 1335 2340 Baronins
1352 2311 1382 2339 et
1396 2308 1482 2347 Pagi,
1497 2307 1535 2337 ad
1553 2316 1601 2338 an,
1620 2306 1710 2338 1164.

1159 2349 1173 2370 2
1189 2350 1255 2382 Vid.
1272 2355 1292 2382 t.
1307 2350 1330 2387 Ι,
1347 2360 1375 2389 p.
1393 2348 1462 2380 220.
1482 2349 1535 2379 Hic
1552 2352 1653 2379 tamen
1675 2350 1759 2379 iuvat
1773 2348 1888 2379 referre
1905 2348 2001 2379 verba
2017 2348 2074 2379 Be-

1118 2391 1232 2421 nedicti
1251 2392 1323 2422 XlV:
1345 2403 1357 2419 (ι
1371 2389 1568 2421 Contelorius
1583 2391 1613 2420 in
1629 2399 1685 2420 suo
1702 2389 1745 2420 De
1761 2388 1950 2420 Cauonizal.
1967 2388 2077 2420 Sanct.

1119 2441 1143 2462 e.
1159 2431 1190 2470 ⁶2,
1205 2441 1233 2462 n.
1251 2432 1281 2470 2,
1298 2432 1439 2462 carolum
1462 2432 1580 2461 asserit
1596 2430 1658 2460 dici
1674 2439 1767 2469 posse
1785 2434 1900 2460 tanturn
1917 2430 2078 2461 beatifica-

1119 2475 1190 2509 tum3
1207 2478 1236 2504 et
1253 2474 1330 2503 haec
1347 2473 1470 2512 quidem
1487 2472 1640 2502 sententia
1658 2471 1818 2502 retinenda
1835 2471 1965 2502 videtur.
1982 2471 2076 2509 Quid-

1119 2513 1192 2553 quid
1209 2516 1320 2544 etenim
1338 2516 1377 2544 sit
1394 2514 1431 2544 de
1447 2513 1650 2543 concessione
1668 2512 1749 2542 facta
1766 2512 1805 2541 ab
1823 2511 1984 2551 illegitimo
1997 2513 2075 2542 Pon-

1120 2555 1211 2593 tifice,
1227 2558 1270 2586 tot
1294 2555 1522 2594 subsequentes
1547 2553 1674 2592 legitimi
1694 2552 1857 2583 Pontifices
1881 2553 2075 2591 praedictam

1121 2596 1356 2627 concessionem
1374 2596 1539 2631 sciverunt,
1554 2599 1582 2625 et
1596 2603 1651 2633 per
1663 2593 1858 2624 tolerantiam
1873 2593 2073 2624 admiserunt:

1121 2637 1233 2676 quibus
1249 2638 1274 2667 si
1291 2636 1522 2676 superaddatur
1538 2633 1713 2674 longissimi
1731 2634 1880 2673 temporis
1898 2635 2074 2665 observan-

1121 2679 1174 2715 tia,
1190 2678 1264 2708 nihil
1288 2678 1397 2708 deesse
1420 2677 1542 2707 videtur
1565 2685 1600 2705 ex
1626 2675 1677 2712 iis,
1694 2684 1774 2715 quae
1797 2676 1980 2706 necessaria
2002 2678 2075 2706 sunt

1123 2727 1179 2758 pro
1204 2719 1360 2749 validitate
1377 2718 1488 2755 cultus,
1503 2717 1606 2756 quoad
1630 2715 1787 2747 Ecclesias
1811 2716 2028 2755 particulares,
2046 2719 2078 2747 et

1123 2760 1170 2790 sic
1184 2768 1239 2799 pro
1252 2760 1413 2791 sufficienti
1427 2757 1660 2788 Beatiticatione
1670 2766 1697 2794 »;
1711 2756 1755 2787 De
1766 2755 1895 2789 Servor.
1914 2756 1973 2788 Dei
1985 2757 2078 2789 Beat.

1125 2801 1142 2831 l.
1157 2801 1178 2838 l,
1190 2810 1215 2831 c.
1228 2800 1257 2838 9,
1270 2810 1299 2831 n.
1312 2800 1346 2836 4;
1360 2799 1420 2830 vid.
1430 2807 1551 2838 quoque
1565 2797 1700 2828 Bolland.
1714 2796 1754 2828 28
1767 2798 1906 2829 ian.—-In
1923 2798 2074 2829 Decretali

1125 2850 1144 2872 a
1166 2842 1293 2872 laudato
1317 2840 1427 2871 Bened.
1445 2839 1507 2870 xlv
1525 2840 1572 2877 (c.
1591 2836 1630 2868 ’10
1645 2838 1924 2878 lcommemorata,
1942 2839 2076 2869 Alexan-

1127 2882 1182 2913 der
1199 2884 1249 2921 l‘p.
1267 2882 1303 2912 ΙΙΙ
1321 2880 1494 2916 constituit,
1512 2882 1544 2910 ut
1567 2878 1677 2909 nullas
1701 2879 1873 2911 haberetur
1889 2880 1922 2910 in
1939 2888 2076 2910 nurnero

1127 2921 1258 2958 Ssrum,
1286 2922 1344 2952 nisi
1367 2920 1550 2951 auctoritate
1564 2919 1731 2951 Ecclesiae
1752 2920 1926 2952 Romanae.
1949 2923 2006 2959 An,
2023 2929 2079 2960 per

1126 2965 1209 2994 illam
1232 2963 1390 2993 inductum
1413 2961 1504 2991 suerit
1521 2961 1568 2991 ius
1584 2969 1706 2998 novum,
1723 2962 1793 2992 Sedi
1812 2961 2010 3000 Apostolicae
2026 2970 2079 2992 re-

134 2999 256 3038 Anglia,
277 3000 437 3039 Hispania,
466 3000 563 3031 Dania
579 3006 609 3031 et
637 3003 738 3032 omnia
769 3010 876 3041 regna,
901 3012 981 3043 quae
1009 3009 1079 3035 sunt
1104 2995 1255 3035 lservans
1280 3001 1460 3041 indulgendi
1480 3001 1533 3031 Dei
1548 3002 1651 3032 Servis
1667 3002 1906 3033 Beatificationis
1930 3003 2077 3040 honores,

135 3039 248 3079 ubique
265 3044 417 3071 terrarum
435 3052 462 3070 n.

175 3079 191 3102 2
207 3081 319 3118 Latine,
339 3080 461 3113 Concil.
480 3085 498 3111 t.
517 3082 555 3120 X,
570 3092 598 3122 p.
616 3082 696 3115 1403
710 3087 739 3115 et
760 3083 850 3115 1106.

175 3121 190 3142 ⁷³
206 3122 318 3152 Baron.
335 3122 374 3152 ad
391 3132 440 3153 an.
458 3122 548 3153 1160.

176 3164 188 3184 ⁴
206 3162 319 3199 Labbe,
334 3163 390 3194 loc.
409 3164 462 3194 cit.
480 3173 506 3203 p.
526 3164 670 3196 1410-114

1104 3050 1107 3066 ¹
1128 3045 1172 3075 vel
1197 3045 1298 3083 potius
1321 3043 1453 3074 extiterit
1469 3046 1576 3078 antea,
1592 3050 1708 3081 magna
1730 3047 1776 3074 est
1800 3045 1880 3073 inter
1902 3043 2077 3074 scribentes

1104 3074 1107 3128 l
1128 3085 1306 3123 disputatio.
1328 3083 1478 3119 Quaestio
1500 3083 1623 3113 sublata
1646 3084 1737 3115 suerit
1751 3093 1808 3123 per
1825 3083 1945 3114 Bullam
1960 3083 2078 3115 Urbani

1105 3130 1107 3153 ι
1128 3125 1189 3156 vm
1205 3134 1253 3156 an.
1271 3124 1362 3156 1631.
1376 3126 1491 3164 begere
1506 3124 1635 3163 insuper
1651 3125 1735 3157 iuvat
1753 3128 1768 3155 s
1784 3124 1827 3158 De
1839 3124 1955 3156 Ssruvm
1974 3123 2078 3156 Cano-

1129 3167 1302 3203 munione,
1322 3169 1339 3196 t.
1359 3167 1378 3203 l.
1395 3174 1422 3204 p.
1437 3164 1592 3196 ecs-269.
