2241 3473
260 163 340 200 240

203 236 420 276 Normanni
453 245 546 271 vero
573 230 807 280 provincias,
822 230 1054 278 praesertim
1074 230 1159 267 Au-

205 290 369 329 strasiae
389 291 427 325 et
442 284 778 334 Belgii‚continuo
798 282 1051 328 infestabant,
1067 283 1159 320 civi-

203 345 319 387 tates,
336 339 521 377 ecclesias
537 340 577 373 et
596 335 834 372 monasteria
855 335 1084 383 diripientes
1105 338 1160 373 at-

204 407 278 444 que
293 392 554 430 incendentes.
572 388 760 425 Proceres
777 388 895 433 Galli,
911 388 1159 436 praetermis-

204 460 246 485 so
267 445 405 483 Carolo
425 440 620 490 Simplici,
640 441 829 477 Ludovici
851 444 890 478 et
910 441 1158 478 Caroloman-

202 500 241 536 ni
266 498 408 541 fratre,
429 495 531 543 quod
551 492 664 530 annis
683 495 838 530 tantum
859 496 1007 542 septem
1029 496 1158 540 natus,

202 552 326 599 impar
347 551 449 585 esset
470 547 518 584 ad
546 546 737 583 tuendum
766 548 902 583 contra
930 547 1062 584 hostes
1091 558 1157 583 re-

202 613 334 661 gnum,
355 601 451 638 illud
473 598 703 636 obtulerunt
722 599 861 636 Carolo
882 599 1050 636 Crasso
1041 611 1158 647 111190-

200 655 344 700 ratori,
365 654 431 701 qui
460 652 515 689 sic
534 662 700 699 regnum
721 651 872 688 Galliae
900 663 989 688 cum
1017 652 1156 689 Italiae

201 710 318 755 atque
340 705 575 744 Germaniae
596 705 726 753 regnis
747 704 961 741 coniunxit.

251 759 412 798 Carolus
433 759 597 796 Crassus
621 759 736 795 tanta
767 759 962 805 potestate
995 757 1050 794 uti
1080 769 1154 794 non

203 813 323 859 novit3
336 811 681 858 an.882‚quamvis
692 810 844 858 copioso
858 809 1033 847 exercitu
1051 821 1157 858 prae-

201 867 319 910 ditus,
341 876 429 902 cum
450 862 660 900 Godefrido
691 865 731 900 et
751 862 967 911 SigefridO,
989 862 1155 900 ducibus

199 919 517 957 Normannorum
538 927 675 964 pacem
703 915 811 959 iniit,
831 915 923 952 huic
953 915 1154 963 ingentem

196 971 384 1019 pecuniae
400 980 606 1013 summam,
620 968 676 1005 illi
694 968 864 1006 Frisiam
881 968 918 1017 in
936 968 1096 1004 feudum
1117 971 1156 1005 et

197 1023 367 1069 Gislam,
387 1022 563 1059 Lotharii
584 1022 622 1059 II
641 1021 744 1069 regis
764 1021 886 1058 filiam
899 1049 908 1066 ,
929 1021 968 1057 in
990 1032 1153 1058 uxorem

197 1076 399 1114 concessit.
414 1074 648 1112 Godefridus
665 1073 921 1111 christianam
937 1073 1055 1110 fidem
1070 1085 1153 1122 pro-

198 1129 338 1175 fessus,
360 1141 380 1166 e
401 1139 512 1166 sacro
532 1127 641 1164 fonte
662 1128 709 1164 ab
729 1127 963 1175 imperatore
992 1138 1153 1174 suscep-

196 1185 261 1219 tus
280 1185 350 1219 est.
372 1182 515 1218 Postea
535 1180 700 1218 Carolus
719 1179 789 1216 sibi
811 1192 835 1217 a
855 1181 1011 1227 potente
1032 1179 1154 1217 Gode-

198 1235 297 1272 frido
323 1236 524 1279 metuens,
550 1245 639 1270 eum
671 1244 733 1269 an.
761 1232 838 1269 885
859 1232 989 1269 necari
1019 1233 1154 1278 iussit,

197 1300 273 1336 quo
294 1287 612 1332 Normannorum
636 1285 810 1322 furorem
839 1285 964 1322 auxit.
987 1285 1037 1322 Hi
1064 1296 1153 1322 cum

197 1340 275 1378 700
297 1340 460 1377 navium
482 1339 604 1376 classe
625 1350 693 1386 per
713 1338 936 1385 Sequanam
958 1341 1155 1375 venerunt

199 1393 372 1430 Parisios
403 1404 545 1440 usque3
566 1403 626 1428 an.
648 1391 726 1428 886
750 1391 886 1428 urbem
909 1389 1154 1436 obsederunt,

197 1457 314 1494 quam
331 1444 487 1481 fortiter
505 1444 597 1481 tuiti
617 1449 709 1481 sunt
724 1444 806 1480 Orio
822 1444 903 1480 dux
919 1446 958 1480 et
973 1443 1154 1481 Goslinus

196 1498 413 1547 episcopus.
435 1497 606 1533 Advenit
625 1496 789 1545 Carolus
805 1496 968 1533 Crassus
986 1508 1073 1533 cum
1091 1497 1152 1533 in-

197 1552 303 1600 genti
333 1550 529 1595 exercitu,
550 1550 618 1586 sed
647 1561 721 1586 non
752 1549 956 1586 commisso
987 1549 1154 1597 praelio,

196 1604 401 1652 indignum
417 1614 486 1640 sua
502 1602 709 1639 maiestate
726 1601 861 1639 foedus
878 1613 966 1638 cum
977 1602 1154 1639 barbaris

196 1657 295 1694 iniit.
317 1656 378 1694 Illi
405 1656 560 1704 quidem
582 1654 822 1692 obsidionem
843 1654 1068 1699 solverunt,
1088 1655 1155 1692 sed

197 1710 375 1758 ingentes
402 1709 530 1745 clades
561 1708 780 1745 intulerunt
810 1706 1019 1756 provinciis
1040 1707 1153 1744 Neu-

197 1763 328 1800 striae.
341 1761 528 1799 Carolus
520 1773 560 1798 1n
574 1762 829 1798 Germaniam
846 1761 986 1806 redux,
999 1772 1060 1798 an.
1077 1761 1155 1798 887

198 1828 221 1853 a
241 1815 467 1864 proceribus
492 1814 531 1851 in
553 1814 722 1851 comitiis
743 1813 1064 1851 Iriburiensibus
1085 1814 1155 1851 de-

198 1863 348 1917 positus
368 1870 439 1915 est,
461 1869 501 1904 et
520 1868 558 1904 in
580 1867 662 1904 eius
682 1867 811 1904 locum
832 1879 903 1904 rex
920 1867 1156 1904 Germaniae

199 1922 433 1958 constitutus
453 1920 694 1968 Ainulphus,
716 1921 858 1956 nothus
879 1919 1155 1957 Carolomanni

200 1975 395 2022 quondam
412 1973 606 2011 Bavariae
626 1976 664 2010 et
685 1973 821 2010 Italiae
838 1973 951 2021 regis.
971 1973 1083 2010 Anno
1104 1985 1159 2010 se-

201 2031 344 2075 quente
366 2026 529 2064 Carolus
551 2026 713 2063 Crassus
735 2025 817 2063 vita
838 2025 1017 2064 excessit.

251 2080 314 2117 59.
338 2080 510 2116 Plzotz'us
541 2080 840 2115 restituitur-
856 2079 1012 2116 Interea
1047 2079 1155 2116 Pho-

199 2132 290 2178 tius,
310 2144 397 2169 cum
418 2132 677 2170 sectatoribus
696 2132 774 2169 suis
794 2132 831 2168 in
853 2131 1014 2168 concilio
1034 2143 1157 2180 gene-

202 2185 275 2222 rali
298 2185 392 2222 VIII
414 2186 698 2222 condemnatus
725 2188 765 2221 et
790 2186 838 2221 ab
860 2186 1096 2232 imperatore
1116 2184 1155 2221 in

201 2238 366 2275 exilium
384 2238 531 2275 eiectus
546 2237 569 2283 ¹,
585 2238 705 2274 tantis
722 2237 927 2274 fraudibus
943 2237 1156 2274 circumve-

202 2291 260 2328 nit
280 2290 471 2328 Basilium
488 2320 497 2337 ,
520 2292 563 2327 111
583 2290 631 2326 ab
653 2302 697 2326 eo
718 2290 756 2326 in
778 2291 946 2337 gratiam
977 2294 1158 2337 receptus

199 2346 238 2381 et
258 2344 444 2381 defuncto
461 2355 522 2380 an.
539 2343 615 2379 877
632 2355 660 2380 s.
680 2343 843 2391 Ignatio,
866 2343 904 2379 in
928 2342 1158 2390 patriarchi-

201 2409 285 2434 cam
303 2397 431 2435 sedem
450 2396 517 2444 Cp.
534 2396 743 2432 restitutus
763 2396 895 2432 fucrit.
918 2395 1082 2432 I'liotins
1103 2407 1159 2432 re-

202 2450 380 2495 stitutus,
396 2449 601 2486 confestim
618 2460 751 2485 omncs
772 2448 981 2496 episcopos,
998 2460 1020 2485 a
1041 2459 1081 2484 sc
1102 2460 1158 2485 or-

202 2502 355 2539 dinatos
384 2503 451 2540 sed
482 2514 504 2539 a
533 2501 695 2539 concilio
731 2501 904 2549 generali
936 2501 1154 2549 depositos,

200 2556 393 2601 restituit3
415 2555 511 2592 alios
532 2566 608 2602 qua
628 2554 764 2590 fraude
786 2565 862 2601 qua
883 2554 921 2589 vi
951 2551 989 2590 in
1024 2558 1155 2601 partes

198 2621 288 2645 suas
329 2609 557 2657 pertrahere
595 2609 757 2644 conatus
787 2609 857 2643 031.
893 2606 1024 2647 Quum
1063 2619 1155 2643 vero

199 2662 484 2698 constantiores
505 2661 732 2706 obiicerent,
753 2659 835 2696 eius
866 2660 1153 2696 restitutionem

201 2714 284 2751 sine
306 2715 353 2751 R.
378 2713 579 2751 Pontificis
600 2724 787 2749 consensu
815 2723 897 2749 0330
928 2715 1127 2759 peractam

200 2767 450 2814 imperatore
472 2766 633 2803 consilio
656 2765 785 2803 Photii
815 2765 1071 2802 honorificam
1105 2766 1154 2801 le-

199 2820 396 2868 gationem
418 2832 507 2856 eum
525 2820 668 2856 litteris
690 2820 854 2856 Romam
877 2817 994 2863 misit,
1011 2818 1152 2866 quibus

200 2873 385 2909 Ioannem
405 2873 472 2921 Pp.
491 2873 583 2909 VIII
605 2873 784 2921 rogabat,
805 2874 847 2908 ut
869 2871 1151 2907 restitutionem

203 2925 346 2970 Photii,
368 2926 442 2961 iam
472 2925 668 2962 emendati
691 2927 730 2962 ct
751 2924 928 2961 omnibus
949 2924 1139 2972 episcopis

198 2979 316 3015 ctiam
339 2978 492 3026 Ignatio
522 2978 678 3022 deditis,
702 2978 864 3025 accepti,
886 2978 1151 3022 confirmaret,

198 3032 361 3076 addens,
392 3031 448 3067 ita
477 3043 610 3078 pacem
642 3030 838 3067 Ecclesiae
870 3030 1148 3067 restituendam

197 3086 235 3119 ct
255 3083 502 3133 ssulgaricam
524 3084 726 3121 dioecesim
749 3085 797 3121 ad
819 3083 1076 3120 obedientiam
1095 3084 1149 3120 A-

241 3209 249 3229 ¹
270 3211 332 3241 l'id.
351 3221 402 3251 pp.
420 3211 557 3243 233-231
575 3210 688 3248 012311.

899 165 1060 192 EPOCHA
1090 166 1144 192 vl.
1181 164 1208 191 A
1237 165 1395 192 CAROLO
1423 166 1467 192 M.

1202 231 1414 278 postolicae
1443 230 1554 268 Sedis
1582 231 1845 269 revocandam
1873 231 1967 269 fore.
1989 232 2156 272 Ioannes

1202 284 1296 320 VIII
1312 294 1449 320 eorum
1466 283 1745 321 assertionibus
1762 285 1944 330 credens,
1960 284 2155 323 Constan-

1199 336 1404 384 tinopolim
1423 336 1531 373 misit
1551 336 1702 384 legatos
1721 348 1811 373 cum
1829 315 1994 382 litteris,
2014 337 2056 374 in
2076 338 2158 386 qui·

1200 388 1271 425 bus
1293 389 1480 425 Photium
1508 388 1548 425 in
1579 388 1889 425 communionem
1918 367 2157 441 recipiebat,

1199 441 1360 490 eiusque
1380 441 1670 478 restitutionem
1700 441 1954 479 confirmabat
1982 454 2030 480 ea
2057 442 2156 492 lege,

1201 496 1242 530 ut
1262 506 1321 539 ea,
1338 506 1436 542 quae
1453 506 1476 531 a
1495 493 1660 530 Nicolao
1681 493 1710 537 I,
1727 493 1926 530 Hadriano
1943 495 1981 532 II
2002 498 2042 532 et
2061 495 2158 532 Con-

1200 546 1288 583 cilio
1308 547 1404 584 VIII
1420 546 1580 583 fuerant
1599 545 1995 595 constituta,integra
2013 558 2154 585 serva-

1198 601 1348 645 rentur,
1359 599 1524 636 Photius
1539 599 1578 635 in
1595 599 1743 647 synodo
1760 610 1890 636 coram
1907 599 2049 647 legatis
2057 600 2160 638 Pon-

1198 651 1315 689 tifieis
1336 652 1491 689 veniam
1511 653 1677 701 peteret,
1696 651 1834 688 deinde
1849 651 2156 690 reconcialiare-

1198 706 1263 740 tur
1281 733 1289 750 ,
1310 705 1539 753 nullamque
1567 703 1878 741 iurisdictionem
1906 704 1945 741 in
1966 704 2154 754 Bulgari-
2173 705 2186 716 ⁶

1198 768 1284 794 cam
1305 757 1513 795 dioecesim
1533 759 1748 795 exerceret.

1250 810 1401 847 Verum
1420 810 1640 858 versipellis
1659 809 1824 846 Photius
1853 809 1978 858 primo
2005 809 2157 859 legatos

1200 862 1403 899 Pontificis
1432 864 1631 911 corrupit3
1661 863 1801 899 deinde
1830 874 1850 898 e
1878 862 2034 900 Ioannis
2061 862 2156 900 VIII

1198 915 1340 952 litteris
1365 915 1627 961 conditiones,
1648 927 1742 952 31100
1770 915 2015 952 restitutioni
2044 927 2157 964 appo-

1196 967 1305 1012 sitas,
1318 969 1425 1015 rasit,
1443 968 1595 1017 aliaque
1613 967 1659 1004 iis
1675 967 1853 1014 inseruit,
1866 967 2008 1016 quibus
2025 967 2158 1005 Ponti-

1197 1020 1262 1057 fex
1283 1021 1530 1058 decessorum
1546 1032 1705 1058 suorum
1723 1023 1762 1057 et
1778 1020 1941 1058 Concilii
1952 1020 2048 1057 VIII
2067 1022 2158 1059 acta

1197 1074 1235 1109 in
1264 1085 1383 1111 causa
1403 1074 1536 1111 Photii
1565 1074 1777 1122 reprobare
1808 1073 2027 1110 videbatur.
2049 1073 2158 1111 Post-

1197 1127 1292 1163 haec
1323 1125 1438 1177 (879)
1462 1127 1657 1176 synodum
1687 1125 1784 1172 380,
1815 1128 1858 1162 ut
1885 1124 2045 1172 ferunt,
2071 1127 2158 1175 epi-

1196 1191 1402 1228 scoporum
1436 1180 1510 1217 sibi
1539 1179 1760 1216 deditorum
1779 1208 1788 1224 ,
1818 1178 2157 1227 Constantinopoli

1197 1233 1379 1280 coegit,in
1397 1233 1719 1281 qua,tacentibus
1735 1231 1877 1280 legatis
1888 1231 2156 1277 IoannisVIII,

1197 1285 1311 1322 huius
1345 1285 1502 1322 litterae
1532 1285 1747 1322 secundum
1777 1286 2002 1332 corruptam
2024 1284 2158 1322 Photii

1199 1339 1418 1375 versionem
1437 1350 1623 1385 graecam
1642 1337 1767 1375 lectae
1788 1339 1890 1383 sunt,
1909 1336 2073 1375 Photius
2093 1348 2158 1373 no-

1181 1391 1300 1427 ·mine
1322 1391 1521 1427 Pontificis
1542 1391 1580 1427 in
1601 1391 1732 1428 sedem
1753 1391 1820 1438 Cp.
1843 1389 2062 1436 restitutus,
2078 1389 2155 1427 Ni-

1198 1442 1321 1480 colaiI
1339 1446 1378 1481 et
1390 1444 1583 1480 Hadriani
1599 1444 1635 1481 II
1647 1446 1737 1480 acta
1752 1443 1986 1492 improbata,
2002 1444 2042 1481 et
2057 1443 2156 1480 Con-

1199 1497 1329 1533 cilium
1352 1497 1535 1545 generale
1552 1497 1647 1535 VIII
1668 1497 1914 1544 abrogatum.

1250 1550 1381 1591 Quum
1402 1550 1566 1589 Ioannes
1588 1550 1657 1597 Pp.
1679 1561 1729 1586 ex
1749 1549 1914 1597 epistola
1930 1547 2060 1585 Photii
2081 1549 2154 1586 du-

1198 1603 1306 1639 bium
1323 1602 1574 1651 concepisset,
1588 1614 1682 1640 num
1700 1603 1887 1640 mandata
1907 1613 1977 1639 sua
1992 1600 2157 1640 fuissent

1197 1657 1369 1700 servata,
1390 1667 1539 1692 novum
1559 1652 1749 1704 legatum,
1769 1654 1968 1692 Marinum
1988 1665 2129 1704 nempe
2144 1684 2154 1702 ‚

1198 1708 1576 1756 Constantinopolim
1597 1707 1717 1754 misit,
1738 1709 1851 1756 eique
1871 1706 2089 1753 mandavit,
2108 1709 2154 1745 ut

1197 1761 1435 1798 iescinderet
1447 1773 1716 1809 quaecumque
1731 1773 1754 1798 a
1770 1760 1963 1809 prioribus
1983 1760 2063 1797 suis
2092 1759 2152 1797 le-

1197 1814 1323 1863 gatis'
1315 1826 1354 1850 in
1371 1826 1490 1851 causa
1507 1814 1656 1860 Photii,
1673 1826 1749 1851 non
1769 1813 1936 1851 servatis
1951 1812 2154 1869 Apostoli-

1200 1879 1267 1904 cae
1288 1867 1397 1904 Sedis
1415 1867 1624 1913 mandatis,
1641 1870 1730 1904 acta
1746 1867 1923 1904 fuissent.
1950 1858 2089 1903 Eidem
2106 1867 2156 1904 le-

1200 1924 1291 1969 gato
1329 1920 1482 1957 11110103
1511 1921 1618 1957 dedit
1647 1921 1696 1957 ad
1726 1920 2004 1968 impeiatorem
2038 1921 2079 1956 et
2105 1919 2155 1957 ad

1201 1959 1390 2010 Photium
1404 2003 1413 2019 ‚
1433 1973 1472 2010 in
1502 1973 1641 2021 quibus
1661 1973 1837 2021 graviter
1855 1974 2017 2020 questus
2033 1974 2094 2009 est
2108 1972 2156 2010 de

1203 2027 1259 2071 iis,
1277 2038 1374 2075 quae
1391 2029 1527 2063 contra
1541 2029 1712 2063 mentem
1729 2037 1842 2063 suam
1858 2027 1969 2074 gesta
1985 2023 2154 2062 fuerant.

1204 2079 1382 2117 Marinus
1402 2079 1595 2127 singulari
1616 2078 1847 2116 fortitudine
1877 2077 2155 2115 demandatum

1205 2132 1277 2169 sibi
1298 2143 1438 2169 munus
1458 2132 1649 2180 implevit.
1672 2131 1858 2169 Pontifex
1879 2130 2019 2168 deinde
2039 2130 2088 2167 ab
2109 2142 2155 2168 eo

1206 2197 1359 2222 omnem
1382 2196 1461 2221 rem
1484 2185 1618 2222 doetus
1634 2214 1642 2230 ,
1664 2184 1702 2220 in
1722 2185 1871 2233 priores
1891 2195 1979 2220 suos
1999 2183 2152 2231 legatos

1204 2238 1416 2275 seeundum
1437 2249 1604 2274 canones
1634 2237 1914 2274 animadvertit
1930 2265 1938 2280 ,
1970 2235 2156 2273 Photium

1205 2303 1304 2328 novo
1325 2291 1579 2327 anathemate
1598 2289 1791 2338 perculit,
1812 2300 2043 2336 omnemque
2065 2300 2154 2326 cum

1204 2356 1249 2380 eo
1270 2343 1584 2380 communionem
1607 2342 1975 2390 abrupit.Eamdem
1995 2345 2156 2379 senten-

1204 2397 1299 2433 tiam
1315 2396 1352 2432 in
1372 2395 1557 2432 Pliotium
1579 2395 1866 2432 confirmarunt
1886 2393 2043 2432 Ioannis
2057 2393 2155 2431 VIII

1202 2460 1462 2492 successores,
1487 2447 1662 2485 Marinus
1681 2478 1689 2492 ,
1713 2448 1938 2485 Hadrianus
1959 2447 2015 2484 III
2039 2476 2048 2493 ‚
2068 2447 2156 2484 Ste-

1203 2502 1353 2549 phanus
1375 2501 1407 2537 Υ
1433 2505 1472 2537 et
1493 2501 1715 2546 Formosus,
1739 2513 1833 2548 quos
1850 2499 2017 2537 Basilius
2036 2499 2154 2548 impe-

1222 2557 1308 2591 atoi·
1356 2555 1506 2590 frustra
1556 2554 1604 2590 ad
1644 2553 2011 2590 communicandum
2060 2563 2150 2589 cum

1202 2607 1341 2643 Photio
1364 2606 1603 2644 sollicitavit.
1619 2627 1668 2633 --
1685 2606 1906 2654 Stephanus
1927 2605 1962 2643 V
1993 2605 2064 2642 hac
2093 2615 2152 2642 oc-

1201 2659 1355 2696 casione
1396 2659 1591 2696 cruditam
1628 2659 1834 2708 epistolam
1862 2658 1911 2695 ad
1941 2658 2150 2706 imperato-

1202 2724 1283 2749 rem
1313 2712 1492 2760 scripsit,
1514 2712 1551 2748 in
1587 2724 1664 2759 qua
1695 2711 1915 2760 perstrictis
1945 2712 2150 2748 contume-

1199 2765 1304 2802 liosis
1334 2765 1414 2802 eins
1436 2765 1577 2802 litteris
1596 2796 1604 2808 ,
1627 2766 1874 2802 decessorum
1913 2773 2076 2801 suorum
2115 2774 2149 2799 a·

1200 2819 1312 2855 oendi
1354 2819 1543 2854 rationem
1583 2819 1621 2855 in
1651 2829 1768 2855 eausa
1798 2815 1928 2854 Photii
1963 2815 2153 2861 defendit,

1198 2875 1237 2909 et
1259 2876 1465 2919 utramque
1485 2874 1732 2919 potestatem,
1752 2868 1952 2907 Pontificis
1973 2870 2013 2905 et
2032 2868 2154 2917 impe-

1200 2927 1338 2962 ratoris
1355 2954 1363 2969 ,
1386 2924 1578 2972 exposuit.

1251 2978 1414 3014 l'liotius
1436 2976 1649 3025 patrocinio
1662 2974 1795 3013 Basilii
1812 2973 2060 3034 imperatoriS
2075 2972 2153 3010 fre-

1196 3030 1571 3077 1113,·1001·1113311110
1564 3034 1740 3066 1111001113
1759 3030 1817 3065 est
1837 3028 1875 3064 in
1898 3027 1984 3063 RR.
2008 3025 2148 3063 Ponti-

1197 3085 1285 3120 lices
1300 3096 1363 3132 p
1355 3083 1426 3120 1111
1434 3083 1641 3120 ireliatum
1677 3082 1827 3130 Cpnum
1857 3079 2150 3116 1011001030-

1197 3135 1552 3174 11111110000103100
1582 3134 1798 3172 doctiinam
1834 3133 1880 3169 dc
1909 3130 2149 3181 processione

1195 3190 1362 3237 Spiritus
1391 3191 1428 3226 8.
1449 3202 1469 3225 0
1492 3189 1611 3226 Ρ1110
1639 3190 1679 3224 01
1707 3186 1848 3224 0141110
1878 3197 1949 3223 0011
1979 3183 2152 3222 haereti-
