2241 3473
583 177 708 209 VSQVE:
734 178 788 205 AD
816 177 1012 205 Excmlvu
1039 177 1198 206 IMPERII
1227 179 1506 208 OCCIDEN'I'ALIS

86 245 127 284 in
153 241 364 281 condendis
392 242 590 280 doctrinae
617 241 798 280 formulis
827 240 1020 278 discordes

84 297 213 336 essent
231 296 368 342 ariani,
384 307 518 334 omnes
533 298 664 333 tamen
680 294 891 332 Nicaenam
905 293 1020 331 fidem

85 349 245 396 eiusque
260 348 481 386 defensores
496 349 669 386 oderant.
679 348 777 386 Hinc
789 349 1019 395 protegente

83 413 148 441 eos
162 401 385 439 Constantio
401 402 634 451 imperatore
646 401 783 438 maiori
792 400 880 437 furo
887 410 926 436 re
939 411 1020 448 per-

33 471 37 477 ·
81 455 341 504 sequebantur
361 456 596 492 orthodoxos
617 453 830 508 praesules,
847 462 1018 501 praeser-

81 508 151 546 tim
171 519 248 553 eos,
269 508 334 556 qui
357 519 448 557 prae
467 509 553 546 aliis
573 506 736 545 Nicaeni
752 505 903 544 concilii
921 505 1020 542 defi-

81 561 265 598 nitionem
294 561 552 599 defendebant
581 563 621 597 et
645 560 799 598 illorum
820 558 1019 608 perfidiam

80 613 326 651 manifestam
352 614 576 652 reddebant.
606 613 650 650 In
683 612 817 661 primis
838 612 1018 649 arianum

80 666 253 704 furorem
282 669 468 716 expertus
496 671 554 704 est
574 666 618 703 D.
642 665 789 703 Paulus
805 665 885 714 Cp.‚
905 676 1019 714 quem

79 719 331 758 Constantius
346 721 573 769 imperator,
590 719 800 767 subrogato
821 719 858 755 in
875 718 957 756 eius
971 718 1022 755 lo-

79 784 169 810 cum
182 773 422 819 Macedonio,
433 773 471 809 in
483 772 645 810 exilium
656 772 781 818 eiecit,
793 772 831 808 in
849 783 922 820 quo
939 783 1022 809 san-

78 828 164 864 ctus
191 827 345 876 praesul
370 827 418 864 ab
439 825 587 863 arianis
607 825 891 874 strangulatus,
913 836 1020 862 mar-

78 882 144 927 tyr
171 891 240 928 pro
270 879 381 917 Fidei
410 879 632 916 defensione
661 878 839 916 occubuit
858 877 880 916 ¹.
910 879 1021 915 Tunc

75 943 195 981 supra
216 944 367 970 omnem
385 932 538 970 modum
555 931 832 969 desaevierunt
848 931 885 968 in
902 931 1021 969 Atha-

77 985 228 1023 nasium
245 985 566 1030 Alexandrinum.
587 985 709 1023 Novis
729 985 916 1022 adversus
931 997 1035 1037 san3

77 1042 183 1076 ctum
211 1039 474 1088 patriarcham
494 1038 655 1088 prolatis
674 1037 879 1076 calumniis
895 1067 904 1083 ,
932 1049 1020 1075 eum

77 1092 179 1140 apud
199 1092 470 1130 Constantium
491 1094 747 1137 accusarunt,
772 1092 872 1140 quod
893 1090 1020 1140 impe-

75 1145 199 1182 ratori
219 1145 322 1194 apud
342 1146 595 1183 Constantem
618 1144 784 1195 fratrem
799 1144 934 1182 fuisset
949 1145 1019 1181 ob-

74 1197 242 1244 locutus,
263 1198 399 1236 deinde
421 1198 647 1248 Magnentio
667 1198 820 1247 imperii
839 1197 939 1235 hosti
957 1197 1018 1235 fa-

78 1250 206 1290 visset.
227 1252 475 1290 Constantius
496 1253 544 1289 ab
562 1251 609 1288 iis
630 1252 848 1297 excitatus,
869 1250 1019 1300 episco-

75 1315 143 1352 pos
158 1307 242 1342 tum
259 1305 298 1342 in
315 1305 528 1342 Occidente
544 1311 627 1342 tum
642 1305 681 1341 in
698 1305 857 1342 Oriente
874 1305 922 1340 ad
934 1316 1019 1341 con-

75 1358 336 1396 demnandum
357 1359 615 1396 Athanasium
635 1360 674 1396 et
693 1357 946 1395 abiiciendam
968 1357 1018 1394 fi-

74 1410 161 1448 dem
181 1412 228 1449 de
247 1411 651 1449 consubstantialitate
673 1411 794 1449 Verbi
811 1410 1018 1458 compelle-

76 1475 117 1500 re
137 1466 265 1514 coepit
285 1466 423 1514 quovis
445 1465 570 1512 modo,
591 1465 642 1511 vi,
664 1464 814 1511 fraude,
830 1464 959 1510 exilio,
976 1469 1019 1501 ut

76 1518 305 1556 videbimus.

125 1571 188 1609 26.
209 1572 397 1610 Liberius
417 1573 618 1620 Pontifex
637 1570 722 1622 (cm.
738 1569 834 1621 352)
847 1593 895 1599 —
908 1571 1017 1608 Sum-

75 1636 182 1662 mum
209 1625 407 1663 Ecclesiae
435 1625 705 1675 pontificatum
734 1627 828 1662 tunc
856 1625 1018 1673 gerebat

73 1678 263 1721 Liberius,
279 1679 347 1726 qui
366 1691 429 1717 an.
451 1679 528 1716 352
544 1678 728 1716 defuncto
743 1689 772 1715 s.
791 1677 888 1715 Iulio
903 1678 1017 1715 suffe-

76 1735 161 1769 ctus
175 1734 236 1769 est
247 1730 273 1769 ².
286 1732 324 1769 Is
339 1733 386 1769 ab
398 1732 511 1770 initio
524 1731 772 1780 pontificatus
784 1731 842 1768 sui
855 1732 902 1768 ab
922 1731 1019 1768 aria-

75 1784 133 1822 nis
147 1785 196 1823 ad
208 1785 543 1822 condemnandum
554 1784 814 1822 Athanasium
825 1786 1016 1831 tentatus,

71 1849 205 1875 eorum
233 1838 402 1876 consiliis
430 1839 588 1876 restitit.
618 1838 676 1875 Ad
705 1839 1011 1886 cognoscendam

73 1902 166 1928 vero
201 1891 304 1928 illius
340 1895 380 1929 et
408 1892 492 1929 eius
517 1891 830 1929 adversariorum
858 1903 1014 1929 causam

73 1944 278 1982 concilium
297 1944 453 1990 indixit,
469 1945 571 1993 quod
593 1957 654 1982 an.
671 1945 746 1982 353
763 1944 935 1991 Arelate,
951 1945 1014 1981 ubi

72 2000 166 2036 tunc
196 1998 340 2047 agebat
359 1998 630 2044 Constantius,
652 1998 828 2035 habitum
849 2000 919 2035 est.
940 1998 1015 2035 Sed

72 2054 182 2088 tanta
201 2051 241 2088 in
262 2051 333 2088 hoc
352 2054 546 2088 conventu
565 2051 638 2088 fuit
653 2051 898 2100 imperatoris
919 2053 958 2088 et
979 2062 1014 2088 a-

71 2104 269 2142 rianorum
298 2105 562 2153 episcoporum
581 2104 690 2142 fraus
718 2107 905 2152 tantaque
925 2105 985 2142 vis
1003 2135 1012 2151 ,

71 2162 116 2194 ut
142 2157 376 2195 Vincentius
406 2157 613 2206 Capuanus
629 2187 638 2203 ,
665 2157 811 2195 Liberii
830 2158 985 2207 legatus
1001 2189 1010 2205 ,

70 2210 185 2248 minis
201 2212 446 2259 perterritus,
466 2223 556 2248 cum
577 2211 660 2248 aliis
675 2212 880 2248 Athanasii
897 2212 1010 2248 dam-

71 2264 216 2301 nationi
235 2265 536 2313 subscripserit3
557 2266 596 2302 et
615 2277 643 2302 s.
666 2264 855 2302 Paulinus
875 2265 1010 2302 Trevi—

71 2317 215 2364 rensis,
243 2317 309 2365 qui
336 2318 539 2355 Athanasii
569 2318 829 2355 innocentiam
860 2318 1010 2356 fortiter

72 2372 348 2419 propugnaret,
359 2371 398 2408 in
414 2371 632 2420 Phrygiam
647 2371 842 2420 relegatus
858 2371 1008 2410 fuerit3.

71 2423 180 2460 Idem
190 2423 265 2461 fuit
274 2424 402 2461 exitus
414 2424 568 2461 concilii
579 2423 1008 2473 Mediolanensis,quod,

70 2477 290 2525 postulante
304 2477 458 2514 Liberio
479 2478 564 2526 Pp„
580 2478 627 2515 de
648 2477 783 2514 eadem
805 2489 921 2515 causa
937 2490 1008 2515 an-

72 2541 120 2566 no
140 2530 218 2567 355
237 2529 413 2568 habitum
435 2532 504 2568 est.
529 2532 570 2568 In
587 2543 631 2568 eo
652 2531 797 2579 pariter
813 2531 922 2569 nulla
936 2531 1010 2569 fuit

71 2581 260 2631 episcopis
289 2583 462 2630 libertas,
490 2586 678 2632 tantaque
706 2585 920 2621 Constantii
942 2589 1009 2634 ty-

72 2635 222 2681 rannis,
251 2637 294 2673 ut
321 2635 360 2672 in
389 2649 504 2674 causa
531 2637 737 2675 Athanasii
767 2638 1007 2676 voluntatem

71 2699 184 2725 suam
203 2700 272 2738 pro
292 2700 439 2726 canone
458 2690 674 2727 habendam
695 2702 780 2728 esse
794 2720 803 2737 ,
823 2691 1009 2740 episcopis

71 2744 287 2790 reponeret,
307 2744 347 2779 et
366 2742 430 2789 qui
450 2743 580 2790 pravis
597 2743 678 2780 eius
694 2744 732 2780 in
750 2744 1010 2782 Athanasium

72 2795 240 2832 consiliis
268 2795 509 2832 subscribere
530 2797 732 2842 nolebant,
752 2809 842 2834 mox
863 2797 902 2834 in
923 2799 1010 2835 exi-

71 2845 164 2885 lium
190 2847 449 2896 pellerentur,
470 2848 572 2885 inter
591 2861 687 2897 quos
707 2849 867 2888 fuerunt
888 2851 1011 2888 Luci-

73 2900 131 2937 fer
145 2901 403 2948 Calaritanus,
417 2901 647 2939 Pancratius
665 2903 711 2940 R.
728 2903 772 2940 E.
790 2905 1010 2954 presbyter,

112 3030 122 3051 ¹
140 3030 170 3061 S.
189 3032 284 3061 Athan
301 3057 307 3069 ,
325 3030 433 3071 Epist.
452 3031 498 3061 acl
511 3030 643 3061 solitar.

110 3070 125 3092 ²
139 3073 249 3103 Baron.
272 3076 301 3103 et
324 3074 408 3111 Pagi,
423 3072 460 3102 ad
478 3081 524 3102 an.
543 3072 608 3103 352².
627 3073 737 3103 Extant
752 3074 915 3105 etiamnum
933 3075 1012 3107 duae

73 3113 221 3152 epistolae
237 3123 262 3145 s.
280 3114 343 3144 iulii
362 3115 423 3153 Pp..
440 3122 499 3144 una
517 3114 554 3143 ad
573 3114 754 3148 Orientales,
772 3115 867 3146 altera
884 3117 923 3147 ad
939 3118 1011 3148 Ale—

75 3155 256 3192 xandrinos;
272 3156 382 3195 migne,
400 3154 532 3185 Ρατνοῑ.
550 3154 650 3184 latin.
670 3158 688 3186 t.
706 3156 776 3186 vm.

113 3195 129 3216 3
144 3195 251 3234 Liber,
267 3196 378 3235 Epist.
393 3197 439 3227 ad
455 3197 622 3228 Constant
639 3206 646 3234 ;
664 3206 689 3227 s.
705 3197 824 3236 Athan.,
838 3197 1008 3240 Ap0209.1;

74 3243 98 3265 s.
114 3236 205 3268 Bilar.
221 3238 251 3268 in
267 3237 463 3278 Fragment.

1908 169 1960 208 99

1072 242 1243 281 Hilarius
1277 243 1460 281 diaconus
1472 273 1482 291 ‚
1511 243 1704 282 Eusebius
1734 243 2011 292 Vercellensis,

1068 295 1208 333 Liberii
1249 296 1368 346 legati
1385 326 1395 344 ,
1433 299 1552 346 atque
1580 296 1789 348 Dionysius
1818 297 2009 336 Mediola-

1069 349 1198 386 nensis
1216 347 1240 386 ¹.

1118 401 1294 439 Liberius
1320 403 1406 451 Pp„
1438 403 1609 442 infausto
1632 404 1835 453 utriusque
1857 403 2011 442 concilii

1065 453 1175 490 exitu
1193 455 1340 501 audito,
1359 457 1528 494 multum
1544 457 1757 506 ingemuit3
1773 457 1907 495 exules
1924 469 2013 495 con-

1066 505 1230 544 fessores
1263 510 1469 557 encyclicis
1497 510 1636 548 litteris
1658 511 1878 549 consolatus
1901 513 1941 548 et
1959 511 2007 548 de

1065 560 1287 598 constantia
1305 562 1527 609 gratulatus
1546 567 1618 610 est,
1639 576 1755 613 seque
1775 575 1910 602 eorum
1927 575 2010 613 pre-

1066 612 1175 650 cibus
1190 615 1484 653 commendavit.
1499 629 1521 651 «
1537 616 1591 654 Ut
1606 618 1927 666 supervenientes
1943 617 2010 655 im-

1065 667 1196 714 petus,
1216 666 1362 714 inquit,
1388 668 1452 717 qui
1472 669 1518 706 de
1537 669 1598 706 dic
1618 670 1656 707 in
1677 671 1799 717 diem,
1821 683 1912 708 cum
1932 683 2009 709 an-

1066 719 1310 765 nuntiantur,
1330 721 1514 769 graviora
1532 723 1698 761 vulnera
1719 725 1922 774 infligunt,
1941 726 2011 762 to-

1065 771 1279 809 lerabiliter
1299 772 1402 811 ferre
1422 774 1625 823 possimus,
1648 778 1690 813 ut
1709 777 1900 816 inviolata
1919 777 2009 824 fide,

1065 825 1171 863 salvo
1187 827 1294 863 statu
1311 827 1508 865 Ecclesiae
1520 828 1748 877 catholicae,
1760 831 1936 880 praemia
1947 843 2009 869 no-

1065 879 1124 916 bis
1143 879 1332 916 Dominus
1348 880 1535 930 dignetur
1554 881 1695 919 afferre
1711 881 1725 902 ²
1745 895 1781 922 >>.

1117 931 1180 970 27.
1202 932 1360 970 Lz'berz'z'
1386 935 1560 972 exilium
1576 956 1624 962 —
1641 935 1789 985 Reipsa
1818 937 2012 976 Constan-

1064 985 1141 1022 tius
1160 985 1388 1034 imperator,
1409 988 1456 1025 ab
1477 987 1620 1026 arianis
1642 988 1828 1027 incitatus
1843 1020 1852 1037 ,
1872 992 2010 1030 turbas

1064 1038 1102 1075 in
1124 1038 1300 1077 Ecclesia
1321 1041 1444 1089 magis
1465 1041 1668 1090 magisque
1690 1043 1823 1089 auxit;
1842 1056 1913 1093 per
1933 1057 2008 1081 om-

1064 1103 1132 1129 nes
1150 1092 1368 1141 provincias
1385 1094 1568 1132 mandata
1585 1095 1702 1142 dedit,
1712 1096 1852 1143 quibus
1868 1097 2015 1146 episco-

1066 1145 1101 1193 pi
1127 1148 1264 1183 contra
1292 1147 1553 1185 Athanasium
1583 1149 1827 1187 subscribere
1859 1153 1899 1188 et
1919 1163 2008 1188 cum

1063 1198 1208 1235 arianis
1228 1201 1514 1238 communicare
1534 1200 1598 1238 vel
1618 1201 1725 1238 exilii
1746 1214 1888 1250 poenas
1904 1204 2011 1241 subi-

1063 1263 1105 1288 re
1135 1252 1384 1300 cogebantur.
1415 1256 1468 1291 At
1495 1254 1674 1303 generosi
1701 1255 1814 1293 Fidei
1833 1257 2007 1295 athletae

1063 1317 1132 1342 nec
1147 1306 1315 1343 caesaris
1328 1307 1451 1345 minas
1463 1308 1714 1354 verebantur,
1725 1321 1850 1357 neque
1867 1311 1914 1347 ob
1927 1311 2012 1348 stri-

1063 1362 1143 1396 ctos
1173 1371 1284 1396 enses
1312 1360 1524 1398 veritatem
1548 1362 1824 1410 prodiderunt,
1854 1364 2011 1412 quidvis

1063 1411 1189 1460 potius
1209 1412 1304 1461 pati,
1319 1425 1436 1462 quam
1455 1426 1524 1452 suo
1545 1415 1676 1452 deesse
1697 1415 1821 1453 officio
1838 1417 1965 1465 parati
1978 1417 2009 1455 3.

1114 1466 1156 1502 In
1178 1466 1312 1514 primis
1331 1467 1541 1516 singularis
1562 1469 1806 1506 constantiae
1827 1470 2006 1518 specimi-

1063 1530 1112 1555 na
1131 1519 1238 1556 dedit
1256 1519 1434 1557 Liberius
1453 1521 1522 1570 Pp.
1545 1522 1645 1558 Eum
1666 1522 1917 1561 Constantius
1933 1524 2010 1574 pri-

1062 1584 1124 1609 mo
1143 1584 1212 1620 per
1230 1573 1439 1611 Eusebium
1455 1575 1678 1612 eunuchum
1693 1577 1919 1614 muneribus
1935 1578 2005 1614 mi-

1062 1625 1197 1673 nisque
1216 1627 1265 1663 ad
1281 1628 1615 1665 condemnandum
1632 1629 1891 1667 Athanasium
1903 1634 1943 1668 et
1959 1632 2007 1668 ad

1059 1679 1427 1717 communicandum
1447 1693 1535 1718 cum
1558 1681 1714 1720 Arianis
1733 1682 1892 1721 flectere
1913 1686 2007 1721 ten-

1059 1732 1182 1778 tavit3
1217 1732 1354 1770 deinde
1387 1733 1650 1772 Mediolanum
1679 1736 1727 1772 ad
1757 1748 1797 1773 se
1828 1738 2006 1785 pertrahi

1060 1785 1182 1822 iussit.
1209 1785 1286 1823 Sed
1313 1787 1487 1824 Liberius
1519 1800 1651 1826 coram
1671 1788 1906 1837 imperatore
1935 1803 2007 1829 ea-

1059 1839 1158 1885 dem,
1178 1850 1257 1887 qua
1275 1841 1424 1877 Romae
1443 1852 1574 1878 coram
1593 1842 1771 1888 Eusebio,
1795 1843 1949 1881 dicendi
1965 1845 2008 1881 li-

1061 1893 1212 1929 bertate
1235 1905 1339 1940 usus,
1360 1894 1408 1930 ad
1428 1894 1700 1932 Constantium
1720 1895 1820 1933 dixit
1837 1910 1844 1934 :
1863 1908 1886 1935 «
1902 1897 2005 1935 Desi-

1061 1957 1107 1982 ne
1136 1946 1316 1994 persequi
1339 1946 1618 1986 Christianos...
1639 1949 1699 1985 Ad
1720 1949 1852 1987 omnia
1875 1951 2006 2000 potius

1057 1999 1283 2036 sustinenda
1302 2000 1430 2048 parati
1450 2012 1595 2047 sumus,
1612 2013 1729 2050 quam
1746 2014 1814 2040 nos
1830 2004 2007 2042 christia-

1058 2051 1094 2088 ni
1124 2064 1168 2088 eo
1191 2053 1447 2090 deveniamus
1461 2083 1470 2099 ,
1492 2057 1537 2091 ut
1556 2055 1680 2092 ariani
1700 2056 1945 2105 appellemur
1967 2069 2004 2095 ».

1057 2105 1285 2154 Imperatori
1320 2107 1482 2144 exilium
1517 2109 1716 2146 minitanti
1734 2139 1743 2154 ,
1776 2111 1980 2159 respondit
1999 2125 2006 2148 :

1058 2170 1079 2195 «
1100 2159 1227 2207 Leges
1255 2160 1539 2198 ecclesiasticas
1570 2163 1778 2199 observare
1800 2163 1922 2212 pluris
1943 2164 2008 2202 fa-

1055 2211 1232 2249 ciendum
1260 2225 1415 2259 censeo,
1445 2226 1562 2263 quam
1588 2216 1737 2253 Romae
1759 2216 1998 2254 domicilium

1053 2264 1224 2302 habere4
1252 2277 1288 2303 ».
1318 2267 1428 2303 Tunc
1457 2268 1736 2306 Constantinus
1756 2270 1999 2317 Pontificem,

1054 2330 1168 2366 quem
1185 2319 1304 2356 nullis
1323 2320 1444 2357 modis
1459 2321 1619 2358 flectere
1632 2325 1799 2370 poterat,
1810 2324 2001 2361 Beraeam

1054 2372 1245 2409 Thraciae
1266 2373 1464 2421 relegavit
1484 2386 1547 2412 an.
1568 2375 1658 2413 355.

1103 2425 1166 2462 28.
1190 2425 1230 2463 S.
1251 2426 1460 2472 Hilarius,
1486 2429 1620 2475 Osa'us,
1640 2441 1669 2466 s.
1689 2429 2000 2467 Athanasius-

1053 2478 1158 2516 Inter
1174 2478 1267 2516 alios
1283 2491 1435 2528 quoque
1451 2481 1558 2518 exilii
1575 2493 1715 2530 poenas
1730 2494 1798 2530 pro
1815 2483 1925 2520 Fidei
1943 2483 2008 2520 de-

1052 2531 1225 2569 fensione
1259 2533 1464 2571 subierunt
1500 2535 1545 2572 D.
1584 2535 1758 2572 Hilarius
1800 2536 2001 2585 episcopus

1054 2585 1325 2630 Pictaviensis,
1345 2587 1528 2636 egregius
1548 2588 1744 2625 Nicaenae
1760 2588 1848 2625 fidei
1865 2601 2007 2638 propu-

1053 2640 1192 2686 gnator
1212 2642 1250 2677 et
1269 2640 1429 2676 arianae
1446 2639 1627 2689 perfidiae
1644 2641 1876 2688 debellator3
1897 2643 2006 2679 Rho-

1053 2692 1178 2728 danus
1196 2692 1398 2741 cpiscopus
1417 2694 1643 2739 Tolosanus,
1664 2697 1703 2730 et
1722 2694 1835 2732 Osius
1855 2695 2000 2733 Cordu-

1054 2744 1191 2782 bensis.
1213 2745 1346 2782 Osium
1361 2749 1444 2784 toto
1464 2747 1555 2783 orbe
1572 2746 1779 2784 christiano
1796 2748 2002 2795 celebrem,

1054 2797 1304 2836 Constantius
1329 2800 1432 2836 omn'i
1455 2800 1565 2836 modo
1596 2800 1642 2836 ad
1663 2800 2002 2839 condemnandum

1054 2851 1312 2889 Athanasium
1334 2854 1372 2889 et
1401 2852 1764 2890 communicandum
1785 2866 1874 2892 cum
1894 2855 2003 2893 aria-

1095 2993 1103 3014 ¹
1122 2995 1149 3024 S.
1167 2994 1292 3027 Athen..
1309 2992 1418 3032 Epist,
1437 2994 1483 3024 ad
1503 2993 1654 3032 solitar.;
1677 2995 1805 3034 socrat„
1820 2995 1904 3027 Hist.
1922 2999 2000 3028 eccl.

1056 3036 1073 3066 1.
1091 3037 1125 3073 ΙΙ,
1144 3045 1170 3066 c.
1186 3035 1238 3067 36:
1257 3034 1456 3073 Soz‹1›men.,l.
1475 3035 1521 3073 lV,
1535 3045 1559 3066 c.
1573 3035 1607 3073 93
1622 3036 1814 3075 Theodoret.,
1828 3038 1845 3068 l.
1860 3038 1898 3075 II,
1913 3047 1938 3068 ο.
1959 3039 2002 3070 15.

1095 3076 1109 3097 ἢ
1127 3075 1351 3114 Liber..Epist.
1368 3076 1410 3105 IV.

1094 3118 1108 3138 3
1123 3118 1150 3147 S.
1168 3117 1263 3146 Athen
1277 3140 1285 3152 ‚
1304 3117 1436 3155 Apoloq.
1457 3116 1494 3154 ΙΙ,
1513 3120 1541 3147 et
1557 3117 1671 3157 Epist.
1688 3120 1735 3150 ad
1749 3120 1885 3151 solitar.

1093 3158 1107 3180 4
1123 3160 1150 3188 S.
1169 3159 1328 3195 Albanas,
1344 3158 1452 3197 Epist.
1470 3159 1516 3189 ad
1530 3160 1664 3190 solitar.
1682 3162 1767 3192 Extat
1792 3162 1934 3200 dialogus
1951 3163 2003 3193 Li-

1053 3200 1128 3230 berii
1147 3207 1213 3229 cuin
1229 3200 1406 3229 Constantio
1423 3200 1503 3238 apud
1525 3201 1718 3242 Theodoret„
1735 3202 1818 3234 [list.
1836 3204 1908 3234 eccl.
1926 3204 1944 3235 l.
1957 3205 1999 3243 II,

1054 3250 1081 3272 c.
1100 3240 1148 3278 16;
1164 3241 1275 3278 Labhe,
1293 3240 1416 3272 concil.
1435 3244 1455 3272 t.
1471 3241 1509 3280 ΙΙ,
1528 3251 1554 3281 p.
1573 3242 1639 3273 775.

1703 3295 1716 3310 ί
