2241 3473
226 96 278 136 46

174 173 333 211 ritatem
352 171 479 210 carnis
498 170 652 215 Christi,
671 167 861 219 primique
880 165 1046 204 hominis
1065 176 1122 203 sa·

173 226 296 264 lutem
314 225 505 263 inficiatus
520 225 578 261 est
598 224 620 260 ¹.
640 222 756 259 Secta
776 220 857 257 eius
876 219 1029 257 saeculo
1049 219 1122 256 ad-

173 280 250 317 huc
269 280 406 327 quarto
421 278 522 315 inter
537 276 669 324 Syros,
685 274 785 322 apud
801 284 895 321 quos
915 271 1121 321 praecipue

175 335 267 370 nota
286 331 427 377 fuerat,
446 329 648 367 existebat.

194 396 198 401 ·
228 385 480 428 Bardesanes‚
497 382 662 420 Edessae
677 379 717 416 in
733 377 1014 427 Mesopotamia
1029 377 1124 415 chri-

175 438 310 477 stianis
328 435 557 486 parentibus
576 436 703 478 natus,
722 431 787 469 diu
806 432 845 469 in
866 427 1042 469 Ecclesia
1062 443 1123 468 ce-

115 530 118 531 .
173 490 291 529 lebris
319 490 413 536 fuit3
433 489 495 525 vir
523 485 729 535 singularis
758 484 985 522 eruditionis
1014 484 1061 521 de
1081 496 1123 521 re

175 543 384 581 christiana
413 543 510 578 bene
530 538 715 577 disseruit
728 568 737 584 ,
757 537 996 587 scripsitque3
1019 537 1122 575 chri-

174 597 341 634 stianam
360 594 606 643 Religionem
627 603 758 629 coram
777 591 980 640 Apollonio
993 621 1002 638 ,
1022 590 1123 628 inter

174 649 421 698 philosophos
446 647 586 684 stoicos
606 645 719 683 huius
737 644 923 694 temporis
938 644 1122 693 principe,

174 702 330 751 egregie
357 700 551 747 defendit3
585 699 786 744 haereses,
819 710 919 746 quae
949 709 1122 735 emerse-

173 759 281 800 rant,
311 754 393 791 fere
422 765 552 791 omnes
575 751 798 790 confutavit
816 751 842 788 ².
863 751 1012 788 Verum
1033 751 1122 787 huic

172 808 395 858 praeclarae
415 806 541 844 famae
560 808 714 854 turpem
733 804 923 842 maculam
946 804 1122 853 aspersit,

174 861 263 909 quia
291 860 488 898 orientalis
516 858 778 908 philosophiae
807 857 1034 895 commentis
1060 857 1122 894 ni-

173 914 294 952 mium
324 914 552 951 delectatus.
582 911 880 949 Valentinianas
909 912 1122 948 sententias

172 967 350 1016 suscepit.
382 968 524 1004 Postea
551 966 705 1014 quidem
742 976 808 1002 eas
835 964 1054 1013 improbare
1083 967 1122 1001 et

172 1021 332 1059 meliora
352 1032 487 1069 sapere
508 1019 611 1058 visus
633 1023 709 1065 est,
730 1019 796 1055 sed
816 1018 961 1055 vetusti
981 1020 1021 1054 et
1040 1018 1123 1054 ino-

173 1075 241 1112 leti
264 1074 407 1112 erroris
428 1074 557 1112 sordes
578 1085 653 1110 non
673 1073 825 1121 penitus
846 1070 1009 1108 extersit
1025 1069 1052 1108 ³.

223 1128 449 1173 Montanus,
468 1127 507 1164 in
527 1126 656 1175 Mysia
675 1137 794 1175 prope
816 1124 1029 1173 Phrygiam
1051 1135 1123 1161 na-

171 1183 244 1227 tus,
260 1182 564 1230 temperamento
583 1177 858 1217 melancholico
877 1181 916 1215 et
930 1178 1126 1215 dominan-

171 1235 208 1272 di
238 1235 419 1283 cupidine
448 1233 660 1279 excitatus,
682 1232 833 1269 divinas
854 1231 1124 1280 inspirationes

172 1289 393 1334 venditare,
413 1299 514 1325 nova
541 1290 580 1324 et
599 1286 779 1323 inaudita
798 1284 993 1334 proloqui,
1014 1284 1123 1322 futu-

171 1353 294 1390 raque
313 1344 465 1390 praeter
494 1351 640 1377 morem
669 1343 708 1376 et
736 1339 957 1376 institutum
989 1338 1125 1375 Eccle-

171 1395 251 1433 siae
281 1407 303 1432 a
332 1395 540 1432 maioribus
567 1393 771 1437 traditum,
791 1392 1013 1441 praedicere
1033 1404 1124 1429 coe—

172 1448 238 1498 pit.
260 1448 337 1485 Alii
366 1459 454 1485 eum
483 1459 551 1484 ceu
581 1446 793 1484 fanaticum
823 1448 862 1482 et
880 1445 1022 1483 erroris
1044 1445 1124 1494 spi-

172 1502 252 1539 ritu
283 1504 414 1539 actum
442 1500 723 1549 indignabundi
752 1498 1030 1548 obiurgabant,
1058 1498 1123 1536 alii

171 1555 294 1592 veluti
322 1554 458 1603 spiritu
477 1553 547 1591 Dei
577 1557 724 1590 motum
744 1555 784 1590 et
803 1552 1032 1602 prophetam
1053 1564 1123 1589 ve-

173 1609 420 1646 nerabantur.
443 1608 550 1644 Inter
569 1607 637 1645 hos
657 1607 802 1655 primas
823 1609 952 1655 partes
973 1605 1122 1642 obtine-

171 1663 266 1699 bant
295 1662 394 1698 duae
431 1660 611 1698 fatidicae
642 1660 847 1705 mulieres,
876 1658 1058 1696 Priscilla
1085 1661 1124 1696 et

172 1714 401 1753 Maximilla.
422 1714 517 1752 Cum
536 1713 595 1751 his
615 1714 823 1751 Montanus
843 1714 989 1751 sectam
1008 1712 1124 1750 insti-

172 1769 266 1815 tuit,
287 1768 384 1806 falsa
412 1768 557 1817 pietate
578 1779 622 1804 ac
642 1767 813 1816 specioso
833 1766 962 1815 rigore
983 1765 1124 1803 distin-

173 1825 287 1859 ctam.
318 1822 594 1866 Praedicabat,
614 1821 652 1857 in
675 1832 715 1857 se
737 1820 977 1857 descendisse
1006 1831 1124 1867 para-

174 1875 316 1912 cletum
344 1874 532 1923 Spiritum
549 1904 558 1920 ,
587 1886 610 1911 a
638 1873 789 1911 Christo
818 1872 1048 1922 promissum
1077 1873 1124 1909 ad

175 1928 451 1977 perficiendam
470 1927 713 1976 Religionem
727 1957 736 1973 ,
757 1927 804 1964 ab
825 1926 1020 1975 Apostolis
1040 1928 1125 1963 tra-

176 1982 308 2019 ditam.
331 1981 528 2018 Secundas
549 1981 703 2029 nuptias
723 1980 943 2017 damnabat.
966 1978 1128 2016 Idolola-

175 2035 288 2080 triae,
308 2033 504 2072 homicidii
523 2063 532 2078 ,
553 2034 732 2071 adulterii
751 2045 858 2078 reos,
879 2032 1126 2081 quantumvis

175 2088 426 2138 poenitentes,
438 2088 486 2125 ab
502 2087 674 2124 Ecclesia
693 2085 932 2136 recipiendos
948 2086 1125 2134 negabat.

177 2143 219 2179 ln
233 2141 500 2191 persecutione
516 2140 651 2189 fugere
667 2142 735 2177 aut
751 2140 886 2189 quovis
901 2140 1012 2176 modo
1029 2150 1126 2175 mar-

176 2195 325 2244 tyrium
353 2194 560 2239 declinare,
580 2193 760 2231 illicitum
780 2193 941 2230 (licebat.
962 2193 1128 2229 Praeter

176 2260 292 2286 unam
322 2247 658 2297 quadragesimam
672 2277 681 2292 ,
702 2258 816 2295 quam
837 2246 1052 2283 secundum
1071 2246 1128 2282 A·-

177 2301 418 2351 postolorum
447 2300 711 2346 traditionem,
731 2299 856 2348 inquit
876 2312 904 2337 s.
927 2299 1127 2347 Hierony-

176 2368 261 2393 mus
275 2354 302 2401 4,
320 2354 491 2392 Ecclesia
510 2354 704 2399 servabat,
721 2354 816 2390 duas
832 2353 928 2390 alias
943 2352 1064 2390 veluti
1081 2352 1127 2389 ad

176 2409 341 2447 salutem
359 2407 596 2445 necessarias
619 2407 919 2456 praescribebat.

228 2462 403 2511 Episcopi
424 2461 601 2506 Asiatici,
623 2460 684 2497 ubi
708 2459 868 2509 profana
889 2458 1062 2496 Montani
1084 2471 1128 2495 o-

177 2516 313 2554 racula
342 2519 381 2552 et
401 2527 502 2552 nova
523 2515 705 2563 dogmata
728 2514 1018 2562 cognoverunt,
1038 2523 1126 2549 sae-

178 2570 263 2620 pius
292 2571 559 2606 convenerunt
588 2569 626 2604 in
648 2578 788 2612 unum,
812 2570 853 2603 ut
875 2566 1126 2615 pullulantem

178 2626 324 2661 sectam
346 2622 584 2668 cohiberent3
604 2620 780 2658 sectariis
803 2619 1002 2658 silentium
1023 2618 1127 2656 indi-

219 2730 228 2750 ¹
246 2730 274 2760 S.
292 2731 386 2767 lren.‚
410 2728 427 2758 l.
444 2727 488 2764 ΙΙ,
513 2737 540 2758 c.
554 2726 612 2762 028:
636 2726 759 2757 Tertull.
773 2750 780 2761 ,
796 2725 845 2755 De
863 2734 1018 2765 praescr.
1039 2733 1065 2755 c.
1082 2724 1129 2757 52:

178 2771 268 2802 Clcm.
287 2771 368 2802 Alex.
385 2770 511 2801 Set-om.
527 2766 1127 2806 1.1113Euseh.Ilist.eccl.1.1v‚c.28;

178 2823 202 2843 s.
221 2813 384 2852 limpham,
408 2811 550 2842 Ilaercs.
574 2810 630 2847 46;
654 2809 836 2841 Theodoret.
864 2808 970 2839 Hacr.
987 2807 1053 2847 fab.
1073 2808 1088 2837 l.
1109 2809 1127 2845 l,

179 2865 204 2886 c.
222 2855 269 2884 20.

219 2896 233 2916 '2
250 2895 378 2932 Euseb,
402 2895 493 2925 Ilist.
519 2894 593 2923 eccl.
611 2892 628 2923 1,
648 2893 692 2930 1V,
709 2902 733 2923 c.
753 2891 807 2929 30;
824 2901 848 2922 s.
866 2892 1000 2928 Hieron„
1019 2888 1127 2921 Catal.

180 2939 304 2969 Praeter
321 2938 380 2967 alia
399 2946 493 2976 opera
510 2935 635 2974 scripsit
652 2935 846 2965 [tardesanes
864 2934 976 2964 librum
993 2931 1030 2962 dc
1044 2932 1127 2969 Fato,

179 2980 266 3010 cuius
291 2987 434 3018 magnam
455 2981 583 3016 parto-ni,
599 2977 626 3006 in
645 2986 704 3015 qua
723 2979 831 3006 auctor
848 2975 973 3005 disserit
991 2973 1027 3004 dc
1045 2974 1129 3004 cliri—

180 3021 288 3051 stianis
313 3024 343 3050 ut
367 3021 425 3050 iarn
451 3028 506 3057 per
530 3027 634 3047 ornnes
652 3017 735 3047 orbis
754 3022 858 3056 partes
876 3017 1005 3053 diffusis,
1023 3016 1130 3046 recitat

180 3062 342 3098 Eusebius,
360 3061 488 3100 Praep.
507 3060 635 3097 Iit-any.
655 3060 671 3088 l.
692 3060 736 3096 Vl,
753 3070 778 3089 c.
804 3059 846 3089 w.

221 3104 234 3124 3
250 3104 392 3143 Origen„
426 3102 556 3135 Contra
587 3100 775 3138 Marcionq
799 3111 822 3131 s.
847 3100 1014 3139 limpham,
1038 3098 1129 3129 Hae-

180 3155 243 3175 res.
262 3146 299 3175 5ss

221 3188 233 3209 ⁴
250 3186 358 3226 Epist.
375 3185 413 3217 :31
429 3185 474 3217 ad
490 3183 629 3215 Marcel.

687 103 844 133 EPOCHA
869 102 911 131 11.
939 103 968 130 A
995 100 1132 129 MORTE
1157 99 1189 129 S.
1216 97 1378 128 IOANNIS
1403 97 1597 127 APoS'rom

1164 165 1328 212 xerunt,
1357 175 1566 213 eorumque
1592 163 1814 213 prophetias
1843 165 1883 202 et
1909 164 2109 204 doctrinas

1164 219 1409 256 damnarunt.
1431 217 1581 260 Quibus
1600 228 1688 254 cum
1709 228 1846 266 parere
1866 218 2016 257 nollent
2035 232 2109 257 no-

1164 273 1333 318 vatores,
1345 275 1533 320 tanquam
1549 271 1756 308 damnatae
1771 270 1970 310 doctrinae
1986 272 2109 311 secta-

1163 326 1267 362 tores
1286 325 1459 363 Ecclesia
1479 323 1592 361 eiecti
1612 324 1715 361 sunt.
1736 323 1982 373 Quamquam
2002 325 2111 364 Mon-

1164 381 1279 416 tanus
1295 378 1455 427 eiusque
1471 375 1649 425 discipuli
1665 376 1914 415 severitatem
1929 377 1968 415 in
1985 379 2109 416 mori-

1163 431 1235 469 bus
1254 431 1546 481 profiterentur,
1566 442 1641 467 non
1662 430 1801 467 desunt
1819 432 1951 468 tamen
1971 443 1992 468 e
2007 433 2110 470 vete-

1164 485 1282 531 ribus,
1303 485 1369 534 qui
1389 496 1452 522 eos
1471 482 1762 532 depravationis
1777 483 1935 522 moralis
1950 483 2110 522 insimu-

1163 537 1257 576 lant.
1285 538 1413 580 Quum
1442 539 1573 575 autem
1593 536 1700 574 nullo
1719 538 1894 585 tempore
1913 537 2016 575 inter
2035 538 2110 576 ho-

1164 591 1285 629 mines
1300 591 1440 635 desint,
1452 591 1517 639 qui
1531 590 1687 639 ingenio
1703 592 1772 627 aut
1786 590 1994 639 phantasia
2008 591 2114 638 exal-

1163 646 1247 682 tata
1274 644 1442 694 praediti
1470 644 1509 681 in
1539 643 1788 681 severitatem
1817 644 2084 692 propendeant
2103 675 2114 693 ,

1164 697 1305 735 mirum
1326 710 1402 735 non
1421 699 1492 744 est,
1508 697 1638 746 plures
1665 698 1751 734 tum
1771 696 1876 734 viros
1896 699 1982 734 tum
1997 697 2112 736 femi-

1166 763 1234 788 nas
1254 751 1303 789 ad
1325 751 1503 789 Montani
1519 752 1664 788 sectam
1681 750 1901 788 descivisse.
1919 750 1969 788 Hi
1985 750 2032 788 ab
2047 763 2114 789 au-

1165 806 1271 842 ctore
1285 804 1559 850 Montanistae,
1577 806 1617 841 et
1631 816 1655 841 a
1669 803 1874 853 provincia
1889 803 1929 841 in
1945 815 2023 852 qua
2037 804 2112 842 fre-

1165 857 1406 906 quentissimi
1421 860 1545 902 erant,
1563 857 1740 906 Phryges
1760 859 1828 895 aut
1843 857 2114 908 Cataphryges

1165 911 1258 949 dicti
1273 911 1465 949 sunt.Non
1482 912 1636 947 tantum
1654 911 1692 947 in
1712 910 1901 960 Phrygia,
1912 911 1980 949 sed
1995 911 2115 949 etiam

1163 965 1202 1002 in
1223 964 1464 1013 Cappadocia
1473 993 1482 1010 ,
1502 964 1670 1010 Galatia,
1679 963 1824 1010 Cilicia,
1835 963 2114 1002 Constantino-

1164 1018 1241 1067 poli
1267 1021 1306 1056 et
1324 1018 1364 1055 in
1385 1017 1517 1054 Africa
1538 1020 1670 1055 coetus
1690 1017 1957 1055 efformarunt.
1977 1017 2023 1054 In
2042 1029 2114 1067 po-

1165 1073 1310 1110 strema
1338 1071 1494 1120 regione
1520 1070 1673 1107 saeculo
1695 1071 1752 1108 IV
1771 1082 1859 1107 cum
1879 1070 2115 1109 Novatianis

1167 1127 1205 1162 et
1232 1124 1447 1163 Donatistis
1474 1123 1725 1168 coaluerunt,
1755 1123 1794 1160 in
1815 1124 1901 1162 aliis
1923 1135 2043 1174 usque
2066 1124 2113 1162 ad

1166 1178 1366 1216 saeculum
1385 1178 1422 1215 V
1441 1175 1703 1227 perdurarunt
1717 1176 1742 1214 ¹.

1218 1232 1281 1269 31.
1302 1233 1439 1269 Blastz'
1465 1236 1506 1268 et
1531 1232 1698 1269 Floram·
1723 1230 1900 1272 schisma
1916 1251 1966 1259 —
1981 1230 2116 1268 Infen-

1167 1286 1341 1323 sissimus
1360 1286 1551 1322 bonorum
1571 1284 1747 1321 omnium
1766 1284 1886 1322 hostis
1905 1284 1944 1322 in
1959 1284 2044 1333 ipsa
2058 1297 2117 1322 ec-

1168 1339 1287 1377 clesia
1316 1339 1512 1384 Romana,
1542 1337 1712 1376 omnium
1736 1337 1902 1375 aliarum
1921 1340 2048 1376 matre
2077 1339 2117 1376 et

1167 1393 1332 1438 domina,
1355 1391 1564 1430 schismata
1584 1391 1757 1429 excitare
1777 1391 1958 1429 tentavit.
1976 1392 2118 1429 Roma-

1166 1458 1256 1484 nam
1283 1446 1424 1495 quippe
1445 1445 1647 1483 ecclesiam
1668 1445 1881 1482 turbarunt
1901 1445 1978 1482 duo
1998 1445 2120 1495 dege-

1168 1511 1279 1537 neres
1299 1499 1530 1548 presbyteri‚
1549 1498 1708 1536 Blastus
1727 1500 1766 1536 et
1785 1498 1980 1536 Florinus.
2003 1498 2117 1536 Prior

1167 1564 1412 1590 communem
1429 1552 1682 1590 ecclesiarum
1698 1551 1818 1589 ritum
1832 1551 1870 1589 in
1889 1552 2117 1590 celebrando

1168 1607 1363 1645 Paschate
1384 1606 1631 1655 improbavit,
1647 1605 1822 1654 illudque
1840 1605 2117 1643 celebrandum

1168 1672 1251 1698 esse
1280 1659 1476 1697 contendit
1504 1671 1579 1696 non
1601 1658 1677 1696 alia
1697 1658 1757 1696 die
1779 1670 1894 1707 quam
1912 1658 2006 1696 luna
2020 1657 2119 1696 XIV

1168 1713 1311 1751 mensis
1327 1713 1441 1763 primi
1458 1724 1523 1750 seu
1539 1712 1674 1750 Nisan.
1692 1712 1885 1758 Florinus,
1900 1712 2027 1750 Deum
2041 1723 2119 1749 om-

1170 1767 1275 1805 nium
1298 1767 1490 1804 malorum
1512 1766 1630 1804 etiam
1651 1765 1814 1815 peccati,
1833 1767 2034 1803 auctorem
2053 1776 2119 1803 es-

1168 1833 1222 1868 se,
1250 1820 1554 1869 blasphemavit;
1578 1822 1710 1868 postea
1730 1819 1778 1856 ad
1799 1818 2120 1857 Valentinianam

1169 1874 1361 1912 haeresim
1388 1873 1559 1922 dilapsus
1589 1874 1658 1911 est.
1690 1873 1925 1910 Eleutherus
1944 1884 2046 1922 papa
2069 1883 2119 1909 u-

1167 1932 1350 1976 trumque
1370 1926 1575 1964 sacerdotii
1595 1927 1720 1975 gradu
1741 1925 1882 1963 deiecit
1895 1924 1921 1964 ².

1222 1982 1284 2018 32.
1313 1981 1540 2029 Ser-zprores
1569 1979 1830 2017 ecelesiastici
1844 2001 1893 2008 —
1910 1980 2120 2018 Caeterum

1170 2034 1410 2083 omnipotens
1431 2034 1469 2070 et
1483 2032 1671 2082 providus
1688 2033 1804 2079 Deus,
1821 2033 1887 2081 qui
1905 2032 2117 2071 Ecclesiam

1170 2100 1278 2126 suam
1298 2086 1582 2125 haereticorum
1610 2085 1780 2135 perfidiis
1809 2088 1849 2123 et
1868 2086 2120 2136 philosopho-

1171 2154 1258 2180 rum
1287 2139 1460 2178 dicteriis
1490 2139 1641 2187 probari
1671 2142 1710 2177 et
1736 2138 1982 2178 manifestam
2009 2139 2119 2178 reddi

1172 2194 1356 2246 permisit,
1376 2192 1547 2243 providit
1566 2193 1701 2238 simul,
1721 2205 1768 2231 ne
1797 2205 1845 2231 ea
1872 2193 2119 2232 adversario-

1172 2261 1257 2287 rum
1287 2248 1405 2286 armis
1430 2248 1713 2284 succumberet.
1735 2246 1996 2288 Quamobrem
2016 2247 2120 2285 omni

1173 2304 1303 2341 aetate
1324 2300 1530 2339 suscitavit
1551 2301 1674 2346 viros,
1699 2299 1855 2348 ingenio
1877 2312 1922 2338 ac
1941 2299 2118 2338 doctrina

1174 2357 1434 2406 praestantes,
1454 2353 1520 2401 qui
1537 2354 1688 2403 scriptis
1709 2353 1789 2391 suis
1809 2353 2120 2403 philosophorum

1174 2408 1392 2458 superbiam
1414 2406 1690 2456 infringerent,
1711 2406 1997 2445 haereticorum
2014 2409 2122 2457 petu-

1173 2466 1336 2504 lantiam
1357 2462 1637 2512 reprimerent,
1657 2460 1884 2509 avitamque
1905 2461 2122 2499 doctrinam

1173 2522 1307 2558 contra
1327 2516 1510 2568 profanas
1532 2514 1728 2552 novitates
1750 2513 2014 2553 defenderent.

1226 2574 1286 2611 Ex
1313 2572 1371 2609 his
1392 2570 1549 2608 fuerunt
1567 2580 1597 2607 s.
1619 2567 1854 2617 Apollinaris
1872 2597 1881 2615 ,
1902 2566 2122 2618 Hierapolis

1173 2627 1209 2665 in
1241 2624 1417 2675 Phrygia
1437 2623 1650 2672 episcopus
1673 2621 1738 2670 qui
1760 2623 1914 2670 praeter
1935 2621 2121 2671 apologe-

1173 2681 1270 2718 ticos
1291 2691 1359 2728 pro
1385 2675 1630 2722 christianis,
1657 2675 1702 2712 de
1723 2675 1862 2723 quibus
1887 2675 2008 2713 verba
2025 2674 2122 2713 feci÷

1173 2746 1259 2771 mus
1271 2732 1299 2777 ³,
1316 2732 1445 2776 libros,
1457 2729 1564 2774 alios,
1580 2729 1751 2778 quinque
1767 2728 1922 2778 scripsit
1937 2729 2122 2766 adversus

1174 2786 1350 2834 gentilos,
1371 2785 1465 2822 duos
1486 2786 1620 2820 contra
1638 2782 1982 2827 Iudaeos‚t0tidem
1999 2781 2046 2820 de
2060 2793 2123 2820 ve-

1173 2843 1303 2886 ritate,
1316 2843 1354 2876 et
1370 2838 1463 2876 alios
1480 2837 1664 2876 adversus
1681 2836 1904 2874 Encratitas
1919 2837 1959 2874 et
1974 2835 2123 2874 Monta-

1218 2970 1225 2991 ¹
1245 2969 1432 3002 Tei-tullian..
1450 2967 1499 2997 De
1511 2965 1699 3007 pudicitia,
1716 2969 1745 2996 et
1761 2964 1834 2996 alibi
1850 2965 1982 3004 passim:
2000 2964 2122 3001 Enseu,

1175 3011 1270 3044 Ilisc.
1288 3011 1363 3041 cccl.
1381 3010 1396 3040 lv
1416 3011 1447 3044 V,
1467 3019 1491 3038 (τ.
1513 3009 1564 3046 16;
1580 3019 1604 3040 s.
1622 3008 1779 3047 Epiphan„
1798 3006 1933 3038 Haeres.
1949 3005 2004 3044 48;
2020 3015 2045 3037 s.
2063 3006 2123 3037 Au-

1175 3056 1298 3093 gustui,
1318 3054 1344 3082 l..
1364 3052 1439 3082 adr.
1458 3051 1592 3081 [lat-res.

1214 3097 1226 3116 ‘-'
1243 3094 1429 3125 'l'‹=i·1uliian.,
1445 3093 1492 3122 Dc
1507 3090 1721 3130 I'racascript.
1733 3100 1757 3119 c.
1773 3089 1826 3127 53;
1840 3089 1988 3128 Euseb.,l.
2000 3097 2025 3121 c.
2039 3087 2123 3127 &⁶303

1175 3137 1356 3168 Theodorei.
1374 3134 1470 3165 [laer.
1488 3134 1594 3173 fabul.
1612 3134 1628 3164 l.
1646 3133 1669 3170 Ι,
1686 3143 1710 3163 c.
1726 3131 1775 3162 ⁴:33.

1216 3180 1229 3198 2³
1247 3178 1310 3208 vid.
1328 3186 1355 3216 p.
1374 3176 1420 3207 13.
