2241 3473
185 123 267 166 264

131 208 375 247 stitutionem
401 205 438 242 U
439 203 636 252 nigenit‘us
653 203 873 240 declaravit
890 202 1082 250 dogmati-

133 275 236 306 cum,
252 261 495 299 definitivum
514 262 554 295 et
567 257 860 294 irretractabile
875 255 1082 293 Ecclesiae

132 317 336 359 iudicium;
363 324 520 350 omnem
546 312 596 348 ab
623 322 672 348 ea
698 311 747 347 ad
774 310 966 359 generale
993 321 1083 346 con-

134 372 264 408 cilium
290 368 598 416 appellationem
617 370 659 403 et
677 366 831 403 celebre
847 365 1085 402 Iansenista-

134 436 219 463 rum
244 423 441 459 silentium
460 421 736 467 obsequiosum
755 419 972 463 damnavit3
994 430 1083 454 con-

133 478 271 521 stituit,
296 479 340 513 ut
365 486 482 512 nemo
509 474 559 510 ad
585 473 743 510 ordines
761 485 914 518 sacros,
934 473 1084 510 confes-

133 532 264 568 siones
294 528 523 572 audiendas,
543 539 684 564 munus
703 527 1000 564 concionatoris
1018 529 1087 563 aut

133 584 326 621 beneficia
351 582 644 625 admitteretur,
670 581 744 617 nisi
770 582 880 629 prius
898 582 1086 618 Innocen-

134 639 177 675 tii
203 639 256 682 X,
282 636 500 674 Alexandri
526 637 596 672 VII
623 640 664 673 et
687 636 905 674 Clementis
923 636 979 672 XI
999 647 1087 672 con-

134 692 400 730 stitutionibus
416 691 614 727 sinceram
633 690 901 727 obedientiam
920 690 1086 738 praesti-

135 748 261 790 tisset;
279 746 443 794 denique
461 745 694 789 declaravit,
710 757 863 789 omnes,
880 746 943 794 qui
958 744 1089 793 prohi-

134 800 236 837 bitos
253 800 419 843 libellos,
437 802 576 836 contra
594 798 820 847 praedictas
844 798 1090 835 constitutio-

134 865 205 890 nes
223 853 360 894 editos,
373 853 752 901 legere,describere
772 856 841 889 aut
854 852 958 900 apud
971 864 1014 889 se
1030 863 1090 888 re-

135 907 262 944 tinere
281 907 365 944 ausi
383 907 546 952 fuerint,
566 906 986 943 excommunicationis
1007 906 1089 941 vin-

136 962 222 998 culo
242 973 330 999 esse
356 963 442 1009 ipso
467 962 572 997 facto
591 961 812 997 innodatos.
832 962 990 997 Soanen
1010 960 1090 1008 qui-

136 1015 226 1052 dem
253 1019 395 1052 contra
420 1015 559 1064 synodi
578 1015 817 1051 sententiam
838 1014 1087 1059 reclamavit;

138 1069 184 1105 12
210 1069 383 1118 episcopi
410 1081 481 1117 pro
510 1081 556 1106 eo
575 1069 678 1116 apud
697 1081 836 1116 regem
854 1070 1090 1105 intercesse-

136 1127 242 1167 runt,
260 1127 300 1161 et
313 1125 360 1162 50
375 1124 558 1160 advocati
569 1123 819 1159 Parisienses
828 1122 1000 1171 synodi
978 1127 1090 1159 o‘esta

136 1177 425 1226 improbarunt
441 1179 495 1214 At
510 1177 825 1225 praestantiores
839 1177 991 1214 Galliae
1007 1177 1088 1224 epi-

136 1231 246 1278 scopi
265 1235 305 1268 et
321 1231 561 1268 Benedictus
578 1230 650 1277 Pp.
667 1230 758 1266 XIII
773 1242 816 1279 s)
821 1230 909 1265 nodi
924 1229 1089 1267 decreta

138 1289 228 1321 rata
264 1285 498 1322 habuerunt.
540 1284 692 1321 Eadem
728 1283 893 1320 decreta
927 1283 1090 1320 Ludovi-

137 1349 206 1375 cus
223 1340 298 1376 XV
318 1350 390 1375 sua
404 1338 642 1375 auctoritate
659 1338 930 1382 communivit,
946 1342 986 1374 et
1000 1349 1090 1374 con-

136 1396 334 1430 tumacem
361 1393 516 1430 Soanen
545 1393 583 1428 in
610 1392 769 1428 abbatia
787 1391 1013 1429 Casae-Dei
1031 1404 1091 1429 re-

136 1445 286 1494 legavit
304 1450 328 1482 1.

185 1501 244 1538 Ea
262 1501 496 1538 Sanitiensis
513 1501 690 1549 episcopi
709 1512 810 1544 sors,
829 1500 1003 1547 repetita
1017 1500 1089 1536 Be-

138 1554 283 1592 nedicti
301 1556 372 1604 Pp.
393 1559 433 1592 et
447 1555 635 1591 Ludovici
652 1555 760 1602 regis
775 1554 938 1596 monita,
956 1553 1090 1590 decre-

137 1620 329 1658 scensque
354 1609 638 1658 appellantium
659 1609 937 1657 episcoporum
957 1620 1090 1644 nume-

137 1675 206 1702 rus
231 1666 471 1708 effecerunt,
497 1668 541 1700 ut
565 1663 790 1701 Cardinalis
816 1663 863 1699 de
889 1662 1091 1706 Noailles,

137 1718 460 1767 archiepiscopus
485 1718 738 1761 parisiensis,
768 1717 927 1754 tandem
957 1716 1006 1752 ad
1032 1728 1093 1752 re-

137 1772 407 1819 sipiscentiam
435 1784 477 1809 se
497 1776 763 1809 converteret.
785 1772 901 1807 Anno
921 1771 1015 1808 1728
1034 1771 1095 1807 lit-

138 1829 245 1863 teras
255 1826 762 1875 pastoralesedidit,quibus
772 1825 1092 1862 constitutionem

143 1879 376 1926 Uniqenltzcs
395 1880 565 1917 demisse
585 1884 625 1916 et
643 1891 738 1926 pure
754 1879 993 1926 acceptavit,
1013 1889 1092 1914 om·

139 1944 285 1982 nesque
306 1934 469 1978 litteraS,
485 1934 767 1970 instructiones
785 1937 851 1969 aut
865 1932 1093 1980 explicatio-

140 1998 225 2030 nes,
242 1998 337 2035 quas
351 1987 398 2024 de
414 1987 477 2023 illa
493 1987 772 2023 constitutione
785 1989 902 2022 antea
914 1986 1093 2033 dederat,

141 2041 358 2078 revocavit.
372 2042 431 2077 lta
449 2041 696 2088 appellantes
707 2041 965 2088 praecipuum
981 2050 1093 2075 suum

139 2095 309 2131 fulcrum
320 2096 552 2132 amiserunt.
566 2095 715 2131 Eodem
728 2098 908 2142 tempore
919 2093 1094 2141 episcopi

142 2149 289 2196 plures,
310 2149 541 2197 improbatis
560 2150 640 2185 suis
655 2148 1001 2196 appellationibus,
1015 2147 1095 2184 bul-

141 2203 220 2238 lam
260 2202 492 2250 Uniyenitus
525 2202 695 2239 demisse
728 2206 1002 2250 acceptarunt.
1037 2202 1094 2238 De

141 2256 385 2299 Vintimille,
414 2256 574 2292 Noaillii
608 2267 711 2292 anno
738 2256 916 2304 sequenti
951 2256 1095 2292 mortui

143 2310 584 2358 successor,plerosque
609 2310 803 2347 ecclesiae
822 2321 917 2347 suae
939 2311 1096 2346 canoni-

144 2376 212 2401 cos
229 2366 278 2400 ad
297 2365 495 2401 sinceram
515 2364 652 2401 Bullae
672 2364 991 2411 acceptationem
1012 2377 1097 2413 per-

144 2418 282 2455 movit.
329 2418 480 2455 Eodem
512 2429 616 2454 anno
645 2419 737 2455 1729
764 2418 944 2454 Serbona
971 2418 1097 2456 ferme

144 2472 363 2509 universali
388 2472 580 2521 suffragio
607 2472 849 2515 declaravit,
874 2472 1097 2518 decretum,

146 2538 222 2574 quo
248 2527 396 2563 bullam
423 2537 526 2563 anno
553 2527 641 2563 1714
660 2530 906 2570 acceptarat,
929 2538 1015 2563 esse
1034 2538 1099 2564 au-

148 2581 382 2623 thenticum,
411 2592 500 2618 eam
528 2581 672 2617 iterum
699 2584 888 2628 tanquam
912 2580 1099 2628 dogmati-

149 2646 236 2671 cum
256 2635 468 2672 universae
488 2635 693 2672 Ecclesiae
712 2634 896 2671 iudicium
919 2640 1101 2682 accepta-

148 2689 219 2733 vit,
246 2700 436 2738 suamque
463 2690 771 2738 appellationem
799 2692 839 2725 et
865 2688 943 2724 alia
962 2694 1102 2726 eontra

151 2743 396 2790 praedictam
413 2745 558 2781 bullam
574 2749 678 2787 acta,
695 2746 912 2783 revocavit.
926 2745 1102 2793 Denique

152 2807 255 2834 anno
271 2798 363 2835 1730
377 2798 602 2835 Ludovicus
616 2799 693 2835 XV
707 2804 890 2836 senatum
908 2799 1103 2836 Parisien-

152 2862 251 2895 sem,
280 2851 407 2889 adbuc
435 2854 687 2896 renitentem,
715 2853 864 2901 adegit,
890 2858 933 2890 ut
960 2853 1102 2890 bullam

200 2957 209 2978 ¹
229 2956 425 2990 §anitiensis
443 2958 586 3001 episcopi
603 2959 747 2992 fautores
762 2959 874 3001 synodi
895 2957 1107 2992 Ebroduncn-

155 3003 200 3034 sis
216 3002 382 3035 historiam
398 3004 589 3045 vulgarunt,
606 3005 636 3036 in
651 3015 715 3047 qna
726 3005 795 3038 eius
807 3009 878 3038 acta
893 3005 1104 3038 vellicat-unt.

156 3048 275 3080 Conira
301 3058 382 3091 qnos
407 3050 527 3082 videsis
543 3051 657 3083 libi-um
674 3052 709 3084 P.
731 3052 763 3083 F.
785 3051 943 3088 Lalitcau,
962 3051 1103 3094 episcopi

159 3094 400 3135 Sisini-iocum,
428 3096 482 3138 qui
509 3096 571 3129 suit
587 3107 672 3129 nnus
691 3106 707 3129 c
727 3098 838 3139 synodi
862 3097 1020 3140 patribus,
1039 3098 1105 3136 gal-

160 3140 220 3172 lice
250 3141 452 3182 inscriptum:
475 3141 677 3187 Ile'sulation
695 3143 778 3175 d'un
791 3153 939 3184 oum-uqa
956 3142 1106 3179 intitule',

161 3186 305 3217 Histoire
323 3187 407 3220 dela
425 3190 694 3221 condamnation
711 3189 750 3221 de
768 3190 810 3223 M.
827 3189 975 3232 l'drv'que
993 3190 1032 3222 de
1052 3190 1106 3221 Se-

162 3241 225 3264 nes
241 3242 304 3274 par
321 3234 367 3265 les
383 3234 511 3276 prrilats
531 3234 712 3268 assemhlds
730 3234 749 3267 ti
768 3236 935 3269 Embrun.

660 147 666 153 ·
687 130 855 161 EPOCHA
874 131 952 159 xu.
974 131 1003 158 A
1024 127 1195 158 LITIBVS
1214 127 1523 157 IANSENISTICIS

1132 201 1259 238 denuo
1283 200 1388 237 inter
1405 201 1517 248 leges
1534 200 1711 249 publicas
1728 202 1916 245 referret,
1935 211 2011 249 quo
2029 201 2086 238 fa-

1133 259 1196 291 cto
1222 255 1372 291 nemini
1395 255 1555 302 impune
1573 254 1720 292 licebat
1736 267 1825 292 eam
1844 255 1999 304 publice
2015 255 2086 292 im-

1135 319 1315 355 pugnare
1340 312 1409 345 aut
1426 308 1474 345 ab
1492 319 1542 345 ea
1561 309 1778 356 appellare.
1799 310 1864 346 Sic
1881 309 2002 346 factio
2020 320 2088 356 ap·

1134 362 1365 408 pellantium
1387 391 1395 407 ,
1427 374 1592 410 quorum
1619 363 1732 399 multi
1759 363 2023 411 confugerunt
2046 363 2088 401 in

1135 416 1405 461 Hollandiam‚
1431 416 1588 464 quidem
1613 415 1729 453 valde
1755 416 1983 463 imminuta,
2009 428 2089 454 non

1135 474 1275 506 tamen
1297 469 1494 507 exstincta
1520 474 1592 507 est.

1185 525 1297 561 Tunc
1323 525 1584 572 Appellantes
1610 537 1680 562 seu
1706 527 1967 571 Iansenistae‚
1994 538 2089 564 narn

1135 578 1191 614 illi
1218 590 1308 614 cum
1333 578 1394 615 his
1411 579 1660 623 coaluerunt,
1679 579 1728 616 ad
1750 581 2090 619 corroborandam

1135 636 1288 670 sectam
1314 644 1428 669 suam
1453 634 1619 681 vulgare
1647 637 1862 682 coeperunt
1880 634 2088 680 miracula,

1137 686 1398 735 quorumdam
1425 687 1709 735 appellantium
1735 688 2013 725 defunctorum
2034 687 2091 725 in·

1138 740 1398 785 tercessione,
1424 744 1468 777 ut
1492 740 1689 784 dicebant,
1716 745 1887 789 patrata.
1913 742 2092 779 Maxime

1138 794 1394 832 venditarunt
1420 795 1615 831 miracula
1637 795 1846 832 Francisci
1864 795 1992 840 Paris,
2010 796 2091 832 dia-

1140 849 1229 886 coni
1248 849 1503 893 Parisiensis,
1519 860 1582 885 an.
1600 849 1693 886 1727
1707 849 1881 886 defuncti
1897 854 1937 887 et
1950 850 1991 886 in
2005 861 2094 888 coe·

1141 904 1307 940 meterIO
1337 914 1368 938 s.
1403 903 1586 940 Medardi
1613 903 1768 951 sepulti.
1797 904 1925 940 Huius
1950 905 2093 941 sancti-

1141 961 1264 994 tatem
1293 958 1375 993 alta
1401 958 1496 993 tuba
1522 957 1705 994 cecinere
1729 958 1906 994 sectarii.
1927 957 2095 995 Plurimi

1140 1011 1189 1048 ad
1212 1011 1501 1059 implorandam
1520 1012 1604 1048 eius
1623 1012 1952 1049 intercessionem
1970 1012 2019 1050 ad
2035 1024 2096 1050 see

1140 1066 1319 1114 pulcrum
1353 1065 1529 1103 eiusdem
1561 1066 1846 1110 accurrebant,
1873 1070 1925 1115 et·
1939 1066 2097 1104 desum-

1141 1126 1248 1169 ptam
1271 1120 1362 1157 inde
1382 1124 1550 1163 terram,
1569 1132 1643 1157 ceu
1663 1120 1848 1157 curandis
1867 1121 2016 1158 morbis
2034 1132 2096 1159 sa-

1142 1176 1328 1218 lutarem,
1343 1175 1612 1222 asportabant.
1630 1175 1750 1212 Brevi
1766 1179 1948 1223 tempore
1960 1187 2098 1212 rumor

1142 1229 1188 1267 de
1216 1230 1379 1274 morbis,
1401 1229 1608 1265 Francisci
1626 1229 1912 1267 intercessione
1932 1230 2093 1274 curatis,

1142 1284 1366 1328 curiositas,
1393 1283 1561 1333 pecunia
1587 1284 1636 1320 ab
1655 1283 1869 1321 haereticis
1887 1284 2097 1322 distributa

1141 1339 1374 1382 effecerunt,
1395 1342 1439 1374 ut
1456 1338 1780 1374 concurrentium
1800 1338 1850 1374 ad
1869 1338 2095 1386 sepulcrum

1141 1393 1227 1429 eius
1240 1392 1446 1429 multitudo
1461 1392 1499 1428 in
1515 1391 1597 1428 dies
1612 1396 1843 1439 augeretur.
1856 1392 1916 1429 Ab
1927 1403 1990 1429 an.
2004 1392 2096 1430 1731

1142 1458 1246 1483 nova
1269 1450 1310 1483 et
1335 1446 1554 1493 singularia
1579 1446 1857 1493 phaenomena
1883 1447 1921 1483 in
1943 1458 2098 1484 coeme-

1142 1501 1244 1538 terio
1282 1513 1312 1537 s.
1352 1500 1536 1537 Medardi
1569 1500 1765 1537 dederunt
1795 1500 1834 1536 hi
1866 1501 2025 1550 superbi
2058 1504 2099 1538 et

1143 1555 1362 1592 stultissimi
1381 1555 1561 1591 rebelles:
1582 1554 1637 1590 illi
1653 1554 1820 1599 scilicet,
1835 1555 1898 1602 qui
1915 1555 2097 1603 sepulcro

1144 1610 1352 1646 Francisci
1378 1609 1671 1652 incumbebant,
1688 1609 1990 1646 vehementibus
2007 1621 2100 1647 con-

1144 1663 1386 1700 vulsionibus
1413 1663 1752 1711 corripiebantur,
1782 1674 1902 1711 quae,
1929 1675 2099 1712 corpore

1145 1718 1235 1755 inde
1255 1721 1404 1761 amoto,
1421 1717 1629 1754 confestim
1646 1717 1869 1762 cessabant,
1884 1718 2100 1766 quibusque

1146 1784 1187 1810 se
1207 1784 1231 1809 a
1249 1773 1399 1809 morbis
1414 1775 1574 1809 sanatos
1588 1771 1786 1816 dicebant;
1803 1772 1994 1815 nonnulli,
2010 1783 2101 1809 con-

1144 1827 1390 1864 vulsionibus
1405 1826 1596 1874 correpti,
1613 1826 1736 1863 verba
1750 1826 2025 1863 adhortatoria
2037 1827 2102 1864 vel

1146 1882 1415 1918 consolatoria
1430 1881 1478 1917 ad
1491 1882 1799 1917 circumstantes
1810 1881 2020 1924 faciebant,
2032 1885 2102 1918 aut

1146 1940 1285 1973 contra
1315 1936 1461 1972 bullam
1485 1934 1718 1981 Uniyenitas
1736 1934 2017 1972 declamabant
2035 1939 2103 1972 aut

1145 1991 1478 2027 vaticinabantur.
1496 1989 1644 2030 Quibus
1659 1989 1839 2025 omnibus
1855 2001 1943 2025 cum
1960 1989 2100 2027 turbae

1146 2044 1250 2081 haud
1277 2044 1447 2091 exiguae
1468 2043 1755 2085 excitarentur,
1776 2053 1839 2079 an.
1863 2043 1955 2080 1732
1973 2043 2101 2080 aditus

1147 2099 1197 2135 ad
1223 2097 1509 2134 coemeterium
1534 2108 1567 2132 s.
1591 2095 1773 2132 Medardi
1793 2096 1900 2132 iussu
1915 2096 2027 2144 regis
2045 2097 2102 2133 in-

1148 2153 1344 2190 terclusus
1371 2155 1445 2188 est.
1464 2150 1505 2186 Id
1523 2154 1660 2187 tamen
1677 2161 1754 2186 non
1774 2150 1994 2197 impedivit,
2013 2162 2103 2198 quo-

1148 2207 1279 2243 minus
1293 2205 1455 2242 fanatici
1468 2203 1770 2246 contenderent,
1782 2203 1969 2251 reliquias
1979 2204 2106 2240 Fran-

1149 2260 1243 2296 cisci
1269 2263 1337 2295 aut
1363 2262 1513 2295 terram
1540 2256 1713 2304 sepulcri
1740 2255 1826 2293 cius
1852 2257 1889 2292 in
1917 2257 1996 2294 alia
2017 2257 2106 2295 loca

1150 2313 1364 2350 translatas
1382 2341 1390 2355 ‚
1417 2311 1483 2348 ubi
1509 2322 1552 2348 se
1579 2310 1736 2346 insulsis
1761 2310 1949 2355 saltibus,
1975 2311 2106 2348 saevis

1150 2367 1419 2404 membrorum
1447 2369 1487 2401 et
1512 2375 1729 2401 nervorum
1753 2364 2108 2410 contractionibus,

1149 2420 1313 2468 aliisque
1338 2418 1567 2456 excessibus
1585 2417 1747 2456 dabant.
1766 2417 1907 2454 eadem
1926 2417 2108 2467 prodigia

1151 2479 1329 2523 patrare.
1358 2473 1612 2520 Quapropter
1639 2483 1710 2508 rex
1729 2482 1794 2508 an.
1817 2471 1908 2508 1733
1926 2476 2010 2508 turn
2029 2471 2105 2519 pri-

1150 2533 1265 2565 vatos
1292 2531 1374 2564 tum
1402 2527 1577 2575 publicos
1597 2530 1816 2562 conventus
1834 2525 2001 2562 istorum
2020 2537 2106 2574 spa-

1151 2583 1341 2619 sticorum
1354 2593 1425 2618 seu
1436 2580 1713 2618 convulsiones
1722 2579 1952 2616 habentium
1963 2590 2106 2617 severe

1152 2636 1364 2684 prohibuit.

1201 2690 1362 2727 Interim
1389 2692 1470 2726 tum
1498 2701 1519 2726 c
1538 2687 1851 2726 confessionibus
1868 2698 2022 2733 eorum,
2041 2687 2103 2738 qui

1154 2744 1391 2781 miraculose
1406 2743 1534 2781 sanati
1553 2743 1924 2783 dicebantur,tume
1935 2743 2108 2780 testimo-

1154 2799 1228 2835 niis
1246 2799 1507 2842 medicorum,
1528 2798 1592 2846 qui
1611 2798 1710 2834 alios
1729 2799 1821 2833 ante
1839 2797 1901 2834 vel
1921 2800 2010 2845 post
2025 2797 2108 2834 vul·

1156 2858 1252 2899 gata
1270 2853 1465 2890 miracula
1487 2856 1693 2894 curarunt,
1712 2855 1794 2887 tum
1811 2861 1861 2887 ex
1884 2851 2110 2888 assertioni-

1157 2907 1226 2944 bus
1245 2907 1405 2944 tcstium
1425 2907 1672 2943 oculatorum
1692 2909 1732 2942 et
1750 2904 1986 2949 auritorum‚
2010 2905 2112 2942 aliis-

1157 2973 1231 3008 que
1258 2961 1504 3009 argumentis
1535 2960 1820 3008 appellantium
1852 2958 2012 2996 fraudes
2046 2969 2111 3007 pa-

1159 3016 1331 3052 tefactae
1365 3019 1469 3052 sunt.
1507 3016 1660 3052 lactata
1684 3012 1889 3049 Francisci
1919 3013 2113 3049 miracula

1160 3074 1320 3116 practer
1335 3070 1435 3106 alios
1454 3069 1690 3106 refellerunt
1706 3067 1809 3104 Guil.
1826 3067 1874 3103 de
1891 3066 2111 3103 Vintimille

1162 3123 1421 3160 l'arisiens.et
1436 3124 1540 3159 ioan.
1556 3123 1629 3159 los.
1645 3123 1826 3169 Languet
1840 3122 2037 3158 Senonen.
2050 3131 2112 3156 ar-

1161 3177 1401 3225 chiepiscopi
1430 3178 1467 3213 in
1488 3176 1632 3214 litteris
1650 3175 1934 3223 pastoralibus,
1953 3178 1993 3211 et
2010 3174 2108 3210 Lud-

1161 3233 1219 3267 La
1245 3232 1388 3275 Tastc,
1417 3231 1577 3268 Ordinis
1603 3242 1636 3267 s-
1666 3229 1888 3272 Benedicti,
1909 3229 1947 3265 in
1967 3228 2110 3266 litteris
