2241 3473
236 154 314 192 226

182 230 360 269 standum
382 238 466 265 esse
483 236 681 264 assensum
702 224 793 262 fidei
811 225 1024 273 3quantum
1041 234 1136 261 vero

182 285 230 322 ad
265 283 412 320 factum
444 280 688 328 pertinebat,
718 278 896 316 sufficere
927 277 1134 326 obsequio-

183 349 268 375 sum
290 334 501 372 silentium.
526 332 710 380 Haecque
732 331 927 369 sententia
945 331 1049 368 inter
1066 342 1133 367 re-

182 389 386 429 fractarios
416 385 678 423 communiter
706 387 865 432 recepta
885 388 955 422 est.

235 444 291 480 Ex
308 443 380 478 hoc
398 445 573 487 tempore
594 451 671 475 non
689 442 768 475 tam
790 439 837 475 de
858 439 883 476 5
899 437 1134 486 propositio-

183 498 295 535 nibus
313 499 351 531 et
367 494 467 530 libro
479 492 783 540 Iansenii,quam
795 492 841 529 de
853 491 1135 529 infallibilitate

184 554 223 588 et
244 547 479 586 auctoritate
499 545 700 583 Ecclesiae
719 549 758 582 et
775 545 978 583 Pontificis
1011 556 1137 593 quan-

184 607 268 641 tum
285 602 330 638 ad
348 601 451 638 facta
464 599 687 648 dogmatica
700 602 862 648 spectat,
872 599 1134 647 disceptatum

185 656 271 702 fuit,
291 655 338 692 ad
360 665 477 702 quam
497 652 794 702 deprimendam
816 652 1035 690 adversarii
1057 663 1137 689 ma-

187 710 291 759 ligne
312 707 605 746 confundebant
621 706 728 744 facta
748 719 857 744 mere
872 707 1048 744 humana
1068 717 1136 743 seu

186 762 373 801 historica
393 773 481 798 cum
503 760 748 809 dogmaticis.

237 816 399 853 Interim
426 813 628 852 Pontificis
655 816 694 852 et
722 813 829 863 regis
856 813 1041 851 mandato
1062 812 1135 849 ad-

183 881 322 909 versus
350 870 374 906 4
405 868 567 905 rebelles
595 867 793 917 episcopos
819 867 1007 905 iudicium
1027 877 1137 904 cano-

184 925 312 962 nicum
332 922 560 960 institutum
580 925 650 959 est.
674 922 725 959 Hi
746 933 840 959 vero
869 923 954 958 tum
975 920 1077 957 fietis
1098 922 1138 957 et

183 976 444 1016 fraudulentis
479 975 746 1013 submissionis
780 973 1140 1019 testificationibus,

183 1036 268 1069 tum
302 1031 542 1077 amicorum,
574 1041 670 1078 quos
696 1029 735 1066 in
757 1030 1008 1078 episcopatu,
1035 1027 1137 1074 aula,

184 1085 442 1134 magistrata,
464 1086 503 1121 et
522 1084 561 1121 in
582 1083 830 1121 monasteriis
846 1082 1045 1120 habebant
1075 1092 1138 1130 pa·

183 1139 362 1184 trocinio,
383 1138 612 1186 impendens
633 1137 706 1175 sibi
725 1136 943 1186 periculum
965 1135 1138 1173 deelina-

185 1196 290 1232 runt.
312 1193 469 1229 Interea
490 1191 585 1228 obiit
606 1191 829 1229 Alexander
850 1191 920 1239 Pp.
939 1189 1027 1227 VII.
1045 1189 1138 1226 Eius

186 1257 386 1286 successor
406 1245 584 1283 Clemens
605 1245 663 1282 IX
684 1256 843 1282 causam
865 1246 1002 1281 contra
1023 1243 1047 1279 4
1065 1242 1140 1291 epi-

185 1313 320 1351 scopos
353 1299 665 1349 prosequendam
708 1299 924 1336 mandavit.
959 1295 1140 1346 Episcopi

188 1356 237 1394 19
257 1365 423 1404 quorum
443 1355 562 1402 caput
581 1355 667 1390 erat
691 1353 738 1390 de
766 1351 964 1397 Goudrin,
993 1349 1141 1387 archie-

187 1411 367 1458 piscopus
396 1406 654 1452 Senonensis,
684 1406 785 1444 datis
815 1407 863 1443 ad
892 1405 1138 1443 Clementem

187 1464 258 1513 Pp.
288 1466 327 1500 et
358 1461 602 1498 Ludovieum
630 1471 765 1510 regem
786 1459 930 1497 litteris
944 1488 953 1504 ,
973 1469 1041 1506 pro
1062 1457 1140 1494 illis

187 1516 517 1561 intercesserunt3
538 1513 678 1551 deinde
709 1514 811 1562 apud
838 1512 1033 1551 Nuntium
1055 1522 1143 1559 apo-

190 1571 370 1609 stolicum
391 1580 551 1606 eausam
572 1568 676 1605 inter
704 1567 939 1604 Pontificem
961 1568 1001 1603 et
1020 1566 1044 1602 4
1065 1563 1144 1613 epi-

189 1636 323 1674 scopos
339 1624 395 1661 ita
411 1624 731 1671 composuerunt,
750 1624 792 1658 ut
808 1621 846 1658 hi
864 1620 913 1658 ad
928 1622 1145 1657 retractan-

191 1680 258 1716 das
278 1677 423 1727 priores
438 1688 529 1714 suas
544 1676 700 1713 litteras
718 1674 933 1724 pastorales
951 1685 1027 1711 non
1045 1684 1143 1709 com-

191 1732 452 1783 pellerentur,
472 1731 537 1768 sed
571 1729 722 1767 sincere
751 1728 943 1766 formulae
972 1727 1146 1765 Alexan-

192 1786 329 1824 drinae
359 1784 672 1830 subscriberent,
705 1784 886 1831 idemque
920 1780 1144 1819 faciendum

192 1841 435 1889 imperarent
448 1838 688 1876 dioecesanis
704 1837 795 1876 suis.
812 1837 921 1874 Tune
939 1837 962 1873 4
979 1833 1146 1884 episcopi

195 1905 336 1931 novam
372 1891 563 1930 formulae
597 1891 924 1939 subscriptionem
959 1888 1144 1926 confece-

194 1954 310 1993 runt,
331 1947 398 1983 sed
426 1957 525 1994 quae
548 1945 587 1982 in
609 1946 708 1983 actis
729 1944 890 1983 secretis
911 1944 1146 1980 conservata

196 2005 278 2046 est,
299 2003 338 2037 et
358 2000 405 2037 ad
423 1999 665 2037 Clementem
683 1999 752 2048 Pp.
770 1998 923 2035 litteras
940 1996 1145 2041 dederunt,

195 2055 334 2105 quibus
360 2053 658 2102 significabant,
687 2065 727 2090 se
749 2053 797 2090 ad
819 2050 1042 2099 exemplum
1064 2061 1149 2087 cae-

195 2111 372 2147 terorum
405 2107 556 2144 Galliae
585 2107 853 2155 episcoporum
885 2103 1079 2142 formulae
1099 2104 1148 2140 A·

196 2161 454 2200 lexandrinae
490 2160 766 2209 subscripsisse
800 2162 839 2197 et
877 2156 1148 2195 ecelesiasticis

197 2216 276 2254 suis
305 2216 343 2252 in
373 2214 531 2263 synodis
561 2213 663 2250 idem
691 2212 1009 2262 praescripsisse,
1030 2223 1146 2260 seque

196 2269 373 2308 eamdem
412 2267 760 2305 constitutionibus
793 2265 1014 2316 apostolicis
1053 2266 1148 2302 obe-

197 2323 384 2361 dientiam
406 2322 635 2370 imperasse,
657 2332 775 2370 quam
802 2318 948 2358 caeteri
977 2318 1146 2367 episcopi

197 2378 450 2426 imperarant.
464 2376 570 2412 Haec
589 2375 721 2412 omnia
749 2375 797 2411 ab
824 2374 871 2411 iis
892 2372 1041 2410 sincere
1065 2383 1149 2421 per-

198 2435 286 2469 acta
316 2442 420 2473 esse,
440 2429 488 2467 ad
525 2427 757 2466 Pontificem
788 2427 1031 2475 seripserunt
1062 2426 1147 2475 epi-

198 2484 301 2533 scopi
331 2483 437 2532 pacis
467 2482 709 2520 mediatores.
734 2481 910 2519 Clemens
934 2480 991 2517 IX
1010 2479 1069 2517 his
1089 2483 1142 2516 te-

199 2537 390 2575 stimoniis
411 2547 629 2586 persuasus,
650 2537 673 2572 4
695 2535 788 2572 istos
808 2534 1007 2583 episcopos
1027 2534 1148 2570 sinee-

199 2605 242 2630 re
259 2594 298 2629 ct
310 2590 470 2639 proinde
487 2591 570 2628 sine
587 2589 835 2627 restrictione
853 2590 921 2625 aut
938 2587 1148 2624 distinetio-

202 2657 251 2683 nc
271 2644 572 2693 subscripsisse,
592 2645 632 2680 et
664 2642 689 2680 5
722 2640 1005 2691 propositiones
1034 2641 1146 2677 dam-

203 2711 315 2737 nasse
339 2698 377 2735 in
404 2697 507 2734 omni
529 2708 644 2734 sensu
660 2726 669 2742 ,
689 2707 765 2744 quo
795 2696 843 2732 ab
864 2693 1038 2731 Ecclesia
1074 2694 1147 2730 da-

202 2754 359 2791 mnatae
380 2753 505 2797 crant,
518 2752 605 2788 x1v⁰
627 2749 809 2787 calendas
838 2747 1026 2785 februarii
1048 2747 1147 2784 1669

202 2805 483 2855 gratulatorias
499 2805 546 2842 ad
567 2815 631 2841 eos
652 2803 803 2840 litteras
824 2801 991 2850 scripsit,
1013 2800 1146 2838 iisdem

202 2871 336 2910 pacem
358 2859 547 2904 reddidit,
567 2860 822 2906 coeptumque
844 2858 979 2893 contra
999 2866 1066 2891 eos
1088 2855 1146 2891 iu-

202 2913 345 2950 dicium
367 2912 548 2949 absolvit.
571 2911 681 2948 Tune
704 2911 823 2947 etiam
845 2909 1033 2946 moniales
1057 2908 1146 2944 Por-

202 2970 276 3004 tus-
299 2967 393 3015 regii
427 2966 464 3003 in
496 2967 690 3013 integrum
713 2964 919 3001 restitutae
941 2966 1146 3010 motusque

202 3021 317 3070 sopiti
339 3024 440 3058 sunt.

257 3076 311 3112 De
341 3075 412 3112 liae
441 3086 555 3123 pace,
577 3083 694 3121 quam
722 3071 1002 3109 (flomontinam
1037 3081 1146 3107 voea-

204 3133 308 3174 runt,
325 3132 458 3178 postea
475 3126 632 3177 gloriati
650 3128 740 3163 sunt
757 3126 996 3163 [anseriistae
1019 3123 1146 3161 dicen-

205 3185 276 3229 tes,
290 3185 456 3231 quatuor
484 3182 578 3219 istos
605 3179 804 3230 episcopos
825 3180 862 3217 in
884 3191 952 3217 sua
973 3177 1142 3216 subscri-

206 3237 348 3287 ptione,
369 3248 467 3286 quac
488 3236 526 3274 in
547 3234 643 3274 actis
664 3233 891 3273 verbalibus
913 3231 1141 3271 contineba-

704 141 709 147 ·
741 159 897 187 EPOCHA
926 158 997 186 XII.
1028 157 1056 185 A
1083 157 1237 185 LITIBVS
1265 155 1556 185 IANSENISTICIS

1179 224 1264 269 tur,
1295 222 1518 260 distinxisse
1545 221 1650 260 inter
1670 221 1731 260 ius
1760 223 1800 261 et
1818 223 1964 263 factum
1978 254 1988 271 ,
2009 226 2050 263 et
2068 226 2124 264 ta-

1179 288 1269 313 men
1286 287 1308 313 a
1325 276 1526 314 Clemente
1546 275 1606 313 IX
1621 278 1800 325 receptos
1820 277 1952 317 fuisse.
1974 278 2125 317 Verum

1180 329 1358 378 quamvis
1388 330 1464 367 ista
1491 329 1688 367 distinctio
1722 334 1878 379 reperta
1921 332 2042 370 fuerit
2083 333 2124 370 in

1179 383 1277 420 actis
1297 383 1480 430 secretis,
1502 385 1651 420 certum
1672 385 1755 430 est,
1778 395 1866 422 eam
1894 385 2126 424 Pontificem

1178 437 1359 484 latuisse,
1386 449 1552 486 eumque
1581 437 1844 484 existimasse,
1871 437 1960 477 illos
1985 442 2129 489 episeo-

1177 491 1419 540 possincere,
1435 491 1519 528 sine
1549 490 1630 528 ulla
1646 491 1894 529 distinctione
1915 493 1979 530 vel
1999 493 2129 531 restri-

1178 544 1321 592 ctione,
1336 546 1376 582 et
1391 545 1606 582 secundum
1622 544 1866 582 Litterarum
1892 545 2129 595 Apostolica-

1177 610 1265 636 rum
1295 598 1583 648 praescriptum
1611 599 1750 648 egisse.
1782 598 1826 636 Id
1855 599 1940 637 tum
1962 610 2012 638 ex
2032 600 2129 650 ipso-

1177 664 1267 690 rum
1302 653 1570 702 episcoporum
1603 655 1644 689 et
1678 651 1971 690 moderatorum
2009 653 2130 703 pacis,

1177 709 1262 744 tum
1284 717 1334 743 ex
1355 706 1555 744 Pontificis
1577 705 1626 743 ad
1646 704 1733 742 illos
1753 706 1792 743 et
1812 706 1861 744 ad
1879 717 2015 756 regem
2029 706 2130 745 litte-

1178 760 1232 798 ris
1252 760 1511 798 eonfirmatur
1534 757 1557 797 ¹.
1728 788 1749 823 9
1762 794 1803 809 Η
1816 759 1904 805 QX

1184 813 1206 847 ὅ
1234 814 1295 852 12.
1313 814 1541 862 Scriptores
1557 813 1882 851 ecelesiastici—
1902 813 2010 852 Inter
2038 814 2130 853 scri-

1181 869 1310 917 ptores
1337 867 1634 913 eeelesiasticos,
1663 866 1730 915 qui
1760 867 1866 905 eirca
1890 867 2006 906 huius
2040 879 2130 906 sae-

1181 921 1257 963 culi
1279 921 1484 959 dimidium
1505 921 1735 967 floruerunt,
1761 920 2002 970 exponendis
2024 924 2064 960 et
2077 921 2132 960 il-

1181 975 1398 1013 lustrandis
1436 986 1485 1013 SS.
1525 974 1690 1012 Litteris
1732 974 2039 1013 adlaborarunt:
2067 975 2134 1013 Si-

1181 1041 1270 1067 mon
1304 1028 1470 1066 Muisius
1502 1039 1571 1066 seu
1599 1028 1646 1065 de
1676 1027 1801 1075 Muis,
1825 1028 2134 1076 Aurelianensis,

1181 1082 1480 1121 archidiaconus
1508 1081 1822 1129 Suessionensis,
1848 1082 2077 1132 linguarum
2097 1095 2134 1121 0-

1181 1136 1406 1174 rientalium
1434 1135 1717 1186 peritissimus,
1748 1135 1902 1185 scripsit
1926 1136 2032 1174 int-er
2057 1135 2136 1175 alia

1181 1190 1492 1229 laudatissimum
1509 1189 1843 1227 Commentarium
1863 1189 2075 1228 litteralem
2095 1191 2136 1228 et

1182 1244 1414 1283 historicum
1435 1244 1473 1281 in
1490 1240 1706 1281 Psa1m0s2.
1727 1243 1894 1282 Ioannes
1913 1244 2135 1293 Stephanus

1182 1299 1421 1345 Menochius,
1434 1297 1650 1347 Papiensis,
1663 1297 1701 1334 S.
1714 1297 1757 1343 Ι.,
1774 1297 1896 1335 edidit
1911 1297 2136 1336 Institutio-

1182 1365 1250 1391 nes
1266 1352 1444 1401 politicas
1473 1357 1513 1389 et
1534 1351 1814 1396 oeeonomieas,
1834 1363 1855 1389 e
1883 1363 1914 1389 s.
1935 1352 2139 1401 Scriptura

1184 1406 1619 1456 depromptas,tractatu
1627 1416 1662 1441 m
1675 1405 1722 1442 de
1733 1404 1935 1453 republica
1946 1405 2138 1443 Hebraeo-

1186 1472 1272 1498 rum
1287 1489 1296 1506 ,
1318 1463 1357 1497 et
1377 1458 1707 1497 commentarium
1727 1470 1796 1496 seu
1818 1458 1976 1496 Scholia
1996 1458 2035 1496 in
2059 1458 2139 1496 uni-

1186 1525 1341 1552 versam
1358 1512 1606 1562 Seripturam
1623 1510 1649 1550 ³.
1667 1512 1832 1550 Ioannes
1847 1512 2039 1558 Morinus,
2054 1512 2141 1550 Ble-

1185 1568 1331 1613 sensis,
1353 1579 1373 1604 e
1394 1566 1604 1604 calvinista
1632 1565 1850 1603 catholicus
1870 1567 1911 1604 et
1928 1566 2139 1616 presbyter

1185 1621 1380 1667 Oratorii,
1410 1620 1450 1657 in
1478 1619 1627 1669 linguis
1657 1619 1914 1658 orientalibus
1944 1621 2140 1667 versatus,

1186 1675 1307 1713 edidit
1335 1673 1569 1713 Versionem
1608 1673 1722 1711 LXX
1755 1673 2020 1722 Interpretum
2061 1685 2142 1711 una

1187 1741 1275 1767 cum
1295 1728 1486 1766 Versione
1509 1727 1634 1765 latina
1652 1726 1813 1773 Nobilii,
1835 1727 2081 1776 praefatione
2101 1729 2143 1766 et

1189 1780 1824 1833 prolegomenis⁴,exercitationes
1832 1781 1996 1820 biblicas
2012 1781 2051 1818 in
2063 1783 2143 1819 tex-

1188 1842 1273 1876 tum
1305 1837 1518 1875 hebraeum
1538 1834 1575 1882 ⁵,
1605 1835 1912 1874 exercitationes
1951 1834 2142 1874 eeclesia-

1189 1892 1307 1929 sticas
1327 1890 1364 1927 in
1386 1892 1598 1938 utrumque
1618 1889 1956 1927 Samaritanorum
1989 1889 2141 1927 Penta-

1189 1946 1375 1982 teuehum
1396 1942 1422 1982 ⁶.
1444 1943 1627 1981 Libertus
1647 1943 1914 1990 Fromondus,
1934 1942 2081 1988 Eburo,
2101 1942 2142 1980 in

1191 1999 1459 2036 Universitate
1479 1996 1715 2035 Lovaniensi
1731 2009 1779 2035 ss.
1799 1997 2041 2034 Litterarum
2058 2007 2143 2045 pro-

1190 2053 1312 2092 fessor
1326 2082 1335 2099 ,
1357 2051 1516 2100 reliquit
1537 2050 1837 2089 commentarios
1865 2049 1905 2087 in
1935 2049 2144 2100 Epistolas,

1190 2107 1229 2144 in
1250 2105 1459 2145 Canticum
1479 2104 1750 2152 Canticorum,
1770 2105 1810 2141 in
1831 2104 1953 2142 Actus
1969 2105 2141 2153 Aposto-

1191 2161 1318 2198 lorum
1347 2162 1386 2197 et
1415 2159 1453 2196 in
1482 2158 1783 2208 Apocalypsim,
1811 2158 1851 2195 in
1880 2157 2020 2206 quibus
2040 2169 2143 2194 non-

1192 2214 1300 2252 nulla
1319 2213 1526 2258 habentur,
1547 2224 1647 2261 quae
1673 2211 1974 2249 Iansenisticam
1995 2210 2145 2250 doctri-

1192 2279 1282 2305 nam
1304 2266 1474 2316 sapiunt.
1497 2266 1641 2303 Petrus
1668 2265 1875 2311 possmus,
1904 2264 2145 2303 Narbonen-

1190 2322 1264 2368 sis,
1298 2320 1336 2358 S.
1372 2320 1400 2357 Ι.
1414 2349 1424 2366 ,
1462 2319 1710 2357 elucubravit
1747 2319 1940 2358 Catenam
1978 2319 2146 2357 Patrum

1191 2375 1432 2412 Graecorum
1463 2373 1502 2411 in
1532 2385 1560 2411 s.
1583 2372 1760 2411 Marcum
1776 2403 1785 2420 ,
1816 2372 2071 2423 Spicilegium
2091 2372 2147 2410 E-

1191 2427 1440 2478 vangelicum
1470 2430 1509 2465 et
1530 2426 1847 2476 explanationem
1877 2426 1917 2464 in
1946 2425 2148 2476 Apoealy-

1191 2483 1301 2532 psim.
1315 2481 1540 2519 Ludovicus
1556 2481 1798 2528 Ferrandus,
1811 2479 2056 2527 Telonensis,
2072 2478 2150 2518 edi·

1191 2537 1248 2574 dit
1278 2535 1456 2573 Psalmos
1490 2547 1578 2572 eum
1612 2534 1858 2584 argumentis
1872 2563 1882 2580 ‚
1915 2532 2146 2584 paraphrasi

1191 2592 1230 2628 et
1250 2588 1566 2627 annotationibus
1588 2588 1752 2626 eruditis
1772 2587 1899 2638 magis
1928 2599 2046 2637 quam
2079 2598 2144 2625 so-

1191 2644 1291 2681 lidis.
1311 2644 1475 2681 Ioannes
1491 2643 1538 2680 de
1568 2642 1606 2680 la
1635 2643 1771 2692 Haye,
1787 2641 2035 2687 Parisiensis,
2050 2640 2145 2679 Ord.
2184 2640 2190 2646 '

1191 2697 1311 2743 Min.‚
1341 2696 1464 2734 edidit
1492 2696 1622 2734 Biblia
1651 2707 1794 2746 magna
1821 2695 1860 2733 in
1888 2695 1927 2743 5,
1956 2696 1996 2733 et
2014 2693 2145 2732 Biblia

1193 2751 1364 2789 maxima
1386 2751 1424 2788 in
1449 2751 1496 2789 19
1519 2750 1721 2788 volumina
1741 2748 1902 2787 in-folio
1918 2748 2142 2796 distributa,

1192 2817 1292 2856 quac
1322 2808 1455 2843 tamen
1486 2805 1590 2842 haud
1623 2803 1755 2854 magni
1779 2803 1888 2842 fiunt.
1911 2801 2039 2841 Guido
2060 2801 2142 2841 Mi-

1233 2949 1241 2970 ¹
1262 2950 1297 2979 Cf
1311 2949 1343 2980 D·
1358 2949 1493 2989 Avrigny
1511 2951 1540 2979 et
1556 2948 1636 2979 alios
1655 2957 1684 2986 p.
1700 2945 1760 2977 ⁶319
1774 2946 1803 2976 in
1822 2947 1894 2976 nota
1911 2943 2033 2975 citatos.

1231 2990 1244 3011 ‘2
1262 2991 1359 3021 Edidit
1384 3000 1451 3021 cuin
1476 2991 1587 3029 triplici
1612 2989 1803 3020 Psalmorum
1831 2986 1974 3017 versione
1996 2984 2092 3015 launa
2109 2987 2137 3016 et

1190 3034 1318 3095 §rhodiis
1338 3033 1491 3063 Bossuetii
1516 3033 1536 3063 1,
1561 3033 1592 3063 N.
1622 3033 1750 3071 raquot,
1776 3031 1886 3062 Lovan.
1912 3026 2001 3065 1770,
2024 3026 2043 3057 ‘2
2071 3026 2141 3060 voli.

1190 3075 1352 3176 ῧῃῑῑιέἷηνῐε.
1375 3116 1461 3156 1719,
1490 3116 1509 3147 ⁶).
1533 3116 1606 3148 voll.
1631 3114 1747 3155 iii-sol.;
1770 3113 1865 3145 Alost.
1890 3109 1980 3151 18:25,
2007 3109 2046 3144 15
2071 3109 2143 3143 voll-

1189 3161 1355 3233 ¹¹¹‘⁴⁸i·'aris.
1376 3200 1466 3237 1028,
1483 3199 1592 3236 32v011.
1610 3199 1714 3231 in-soi.

1228 3243 1241 3265 ⁵
1258 3243 1331 3275 ibid.
1352 3242 1440 3281 1000,
1458 3242 1598 3274 in-sol.-
1611 3242 1625 3265 6
1644 3240 1719 3272 lbid.
1740 3236 1829 3276 1631,
1846 3236 1940 3269 in·4.⁰
