2241 3473
685 144 812 176 VSQVE
841 145 894 172 AD
923 143 1093 171 SCfflSMA
1123 146 1356 174 occmEN'rls

36 208 330 258 consanguineis
348 207 626 246 alienissimum
645 206 669 254 ¹,
689 208 753 257 qui
776 207 988 246 Ecclesiam

37 261 270 315 gubernavit
293 273 412 309 usquc
432 261 479 298 ad
499 273 642 299 annum
667 262 779 300 1342.

91 316 165 355 Hic
180 314 364 352 Pontifex
381 314 478 352 nihil
493 315 690 363 antiquius
705 314 858 360 hahuit,
871 324 985 362 quam

42 375 84 409 ut
103 380 236 419 pacem
258 368 362 404 inter
382 368 570 416 principes
589 368 822 405 christianos
843 367 987 404 consti-

38 425 177 465 tueret,
196 423 278 458 tum
303 425 345 458 ut
375 420 662 470 tranquillitate
691 424 817 469 parta,
838 420 986 457 curiam

37 477 78 514 in
98 475 244 512 Urbem
266 475 432 511 Romam
455 473 601 511 referre
618 477 758 522 posset,
774 477 857 511 tum
875 476 917 510 ut
933 473 988 510 illi

39 539 150 568 arma.
177 530 315 565 contra
345 527 493 564 'furcas
523 530 821 572 converterent3
838 527 902 564 scd
925 538 988 574 op—

38 584 166 621 tatum
186 580 302 618 finem
317 593 392 618 non
407 582 467 618 est
482 582 724 617 consecutus.
738 580 846 621 Quae
857 583 986 617 autem

38 647 107 685 pro
128 634 373 672 concilianda
387 633 590 670 concordia
604 633 868 671 sacerdotium
886 632 989 670 inter

38 692 79 726 et
96 688 302 737 imperium
323 686 545 731 tentaverit,
573 685 676 723 infra
701 686 886 723 dicemus.
915 687 987 723 An.

43 742 144 781 1336
173 741 437 789 quaestionem
463 739 510 777 de
529 740 635 777 statu
665 739 881 777 animarum
903 740 989 788 post

39 795 139 833 hanc
167 795 289 832 vitam
303 823 313 840 ,
340 794 410 831 sub
435 793 634 830 decessore
654 804 722 830 suo
743 792 988 837 ventilatam,

41 859 235 897 quamque
250 847 329 896 ipse
345 847 471 884 adhuc
490 845 701 883 cardinalis
716 845 868 883 erudito
888 845 987 882 libro

40 902 293 947 tractaverat,
308 900 464 937 diremit
484 911 552 948 per
565 898 719 936 Bullam
739 898 988 936 Benedictus

40 955 170 1001 Deus,
195 965 272 1003 qua
291 952 484 998 definivit,
501 954 587 1000 post
606 951 748 989 Christi
777 952 816 989 in
837 951 987 989 coelum

39 1007 302 1046 ascensionem
314 1006 464 1044 animas
474 1005 689 1054 Ssrum,qui
702 1005 784 1043 sive
799 1007 891 1042 ante
906 1005 988 1042 sive

40 1064 125 1110 post
135 1059 277 1098 Christi
289 1059 502 1109 passionem
520 1059 783 1104 decesserunt,
799 1058 894 1095 nihil
907 1070 990 1107 pur-

39 1113 212 1163 gandum
229 1112 416 1150 habentes
433 1112 494 1149 vel
510 1114 592 1160 post
607 1115 772 1149 mortem
788 1115 990 1160 purgatas,

38 1167 132 1204 item
151 1166 303 1204 animas
322 1165 529 1203 infantium
548 1166 829 1214 baptizatorum
846 1168 886 1202 et
901 1168 990 1202 ante

42 1231 153 1257 usum
181 1219 344 1257 rationis
373 1219 662 1264 decedentium,
692 1220 781 1256 ante
810 1229 990 1266 resump-

39 1272 183 1310 tionem
203 1284 363 1311 suorum
384 1283 592 1320 corporum
614 1275 653 1309 et
669 1271 854 1309 iudicium
874 1283 991 1320 gene-

40 1325 122 1363 rale
150 1337 234 1364 esse
261 1325 300 1362 in
332 1325 526 1363 coelorum
556 1337 694 1373 regno,
714 1337 804 1362 cum
823 1324 991 1370 Christo,

40 1378 282 1427 Angelorum
320 1379 513 1416 consortio
551 1381 787 1428 aggregatos
807 1408 817 1424 ,
851 1378 990 1415 imme-

39 1431 143 1470 diate
163 1432 336 1470 divinam
360 1432 567 1470 essentiam
597 1432 732 1469 videre
748 1462 758 1478 ,
778 1444 824 1469 ea
843 1430 989 1480 perfrui

39 1485 188 1534 hacque
218 1485 366 1523 visione
404 1488 443 1523 et
471 1485 654 1523 fruitione
682 1497 765 1523 esse
796 1497 888 1523 vere
907 1485 991 1522 bea-

40 1541 114 1586 tas3
134 1537 283 1576 animas
300 1550 391 1576 vero
408 1550 556 1585 eorum,
575 1539 641 1586 qui
662 1538 702 1575 in
719 1541 824 1576 statu
842 1538 989 1587 peccati

39 1591 217 1629 mortalis
246 1593 487 1638 moriuntur,
517 1592 652 1630 statim
681 1592 916 1629 descendere
952 1591 990 1628 in

39 1644 249 1691 infernum,
264 1645 392 1694 ibique
408 1645 445 1682 in
463 1647 666 1682 aeternum
679 1645 858 1689 cruciari;
874 1645 912 1682 in
931 1645 991 1682 die

40 1698 207 1735 extremi
227 1698 360 1736 iudicii
375 1709 521 1744 omnes,
538 1698 746 1747 resumptis
766 1698 990 1747 corporibus

40 1751 143 1796 suis,
158 1762 289 1788 coram
311 1751 465 1789 Christo
484 1751 610 1789 iudice
632 1752 927 1801 comparituras,
949 1753 991 1788 ut

40 1808 79 1840 et
90 1815 252 1853 corpora
263 1805 481 1842 animarum
497 1805 671 1854 praemia
682 1805 743 1842 vei
756 1817 896 1854 poenas
909 1816 991 1854 par-

41 1856 203 1906 ticipent
223 1855 249 1895 ².
675 1889 678 1891 .

94 1909 290 1951 Quantum
325 1911 374 1948 ad
412 1911 656 1959 disciplinam
685 1911 990 1949 eeclesiasticam

40 1966 212 2012 spectat,
232 1964 469 2002 Benedictus
489 1965 567 2001 XII
597 1964 727 2002 varias
757 1964 878 2002 edidit
897 1965 992 2003 Con-

40 2016 283 2063 stitutiones,
312 2029 479 2066 quarum
507 2018 606 2054 aliae
635 2018 684 2055 ad
714 2018 991 2055 monachorum

40 2070 398 2117 Benedictinorum,
417 2071 716 2108 Cistercensium
729 2102 738 2117 ,
759 2071 988 2108 Mendican-

40 2123 138 2160 tium
158 2127 198 2160 et
217 2123 498 2162 Canonicorum
514 2124 775 2173 Regularium
797 2124 988 2162 reforma-

40 2176 206 2222 tionem,
235 2177 335 2215 aliae
365 2177 412 2215 ad
452 2177 720 2226 episcoporum
749 2178 990 2226 aliorumque

43 2230 307 2278 praelatorum
323 2231 503 2276 officium,
520 2231 785 2276 residentiam,
801 2231 990 2269 visitatio-

43 2294 131 2320 nem
145 2312 154 2329 ,
183 2285 300 2332 atque
337 2285 385 2321 ad
415 2283 691 2321 beneficiorum
728 2285 989 2333 provisionem

43 2335 238 2384 pertinent
283 2335 310 2375 ³.
357 2337 540 2375 Pontifex
581 2338 700 2375 etiam
738 2338 990 2376 anathemate

44 2389 246 2426 damnavit
257 2391 536 2436 Fratrz'cellos,
549 2402 643 2438 quos
664 2394 755 2429 ante
770 2391 988 2429 Pontifica-

44 2446 125 2479 tum
152 2441 308 2490 scriptis
328 2442 612 2482 confutaverat.
635 2444 747 2482 Cavit
767 2444 886 2482 etiam
907 2445 989 2482 dili-

42 2495 270 2544 gentissime
291 2508 338 2533 ne
358 2495 582 2534 Sacerdotia
603 2497 698 2535 viris
719 2497 989 2535 conferrentur

43 2548 172 2586 minus
191 2548 338 2586 idoneis
355 2578 364 2593 ,
393 2550 596 2598 minusque
626 2552 774 2599 probati
793 2581 802 2598 ,
832 2551 962 2589 dicens
979 2581 988 2598 ,

44 2602 154 2639 nolle
173 2613 214 2639 se
235 2602 370 2640 lutum
390 2612 605 2641 exornare.

88 2707 97 2728 ¹
114 2709 272 2747 cognatos
288 2711 381 2747 atque
397 2706 515 2744 affines,
532 2707 716 2738 Benedictus
735 2708 871 2750 fingebat
897 2711 988 2750 igno-

44 2752 91 2780 tos
115 2750 174 2780 sihi
188 2775 195 2788 ,
213 2758 360 2780 asserens
372 2772 380 2786 ,
403 2748 600 2787 Pontificem
618 2748 798 2781 Romanum
816 2760 878 2780 non
893 2752 987 2783 habc-

45 2799 79 2822 re
94 2791 370 2830 consanyui'neos:
387 2790 629 2829 urgentibusque
644 2815 650 2825 ,
667 2794 699 2821 ut
719 2800 777 2821 eos
795 2798 987 2830 promoveret

43 2833 72 2862 in
91 2832 221 2871 gradum
245 2833 376 2872 aliquem
401 2831 580 2869 dignitatis,
614 2833 785 2870 reponebat
808 2834 985 2864 navidicum

43 2873 131 2903 illud:
147 2872 184 2905 Si
200 2874 262 2904 mei
279 2882 343 2904 non
358 2872 484 2912 luerint
510 2872 671 2903 dominati
682 2897 689 2911 ,
706 2875 782 2905 tunc
799 2874 987 2906 immacula-

44 2916 94 2944 [ιω
115 2924 182 2946 ero.
204 2915 350 2954 Aegidius
375 2914 461 2944 Card.
489 2913 688 2944 viterbiensis
714 2919 781 2954 (ap.
806 2916 929 2955 l’ngium
956 2918 984 2948 in

49 2955 116 2987 Vita
139 2956 229 2986 huius
248 2955 405 2986 l‘ontilicis
429 2964 444 2991 g
462 2954 517 2989 17)
544 2964 612 2984 cuin
630 2954 732 2985 dicero
749 2957 871 2986 solilum
889 2958 985 2989 fuisse

42 2996 162 3035 scribit,
176 2997 390 3028 Sacerdotem
399 2995 575 3027 secundnm
587 2995 733 3027 ordinem
749 2996 986 3038 Melchisedech,

42 3038 69 3067 si
90 3047 183 3068 verus
205 3038 336 3078 futur-ns
352 3038 410 3074 sit,
426 3037 495 3068 siue
509 3040 613 3077 patre,
629 3037 698 3067 sinc
713 3041 827 3076 mane,
843 3039 912 3070 sine
927 3050 984 3080 qe-

42 3078 189 3119 uealoqia
206 3089 274 3110 esse
294 3082 451 3119 oportere.

82 3119 98 3140 2
113 3121 262 3160 Raynald.
287 3122 327 3152 ad
355 3130 403 3151 nn.
434 3119 530 3158 133133
559 3120 708 3152 llarduin.
735 3119 852 3153 Concil.
884 3126 903 3152 t.
922 3123 983 3160 VII,

43 3169 70 3199 p.
94 3160 178 3192 1559.

83 3201 97 3224 3
111 3201 234 3234 Bastar.
251 3204 388 3235 Roman,
405 3207 424 3234 t.
442 3203 464 3234 I.

1871 138 1923 177 95

1087 210 1200 247 Anno
1231 210 1333 248 1342
1361 211 1399 248 in
1429 212 1490 249 dic
1511 223 1540 250 s.
1561 211 1682 250 Marci
1700 212 1974 262 Evangelistae

1034 261 1268 301 Benedictus
1287 264 1362 302 XII
1392 265 1593 303 Avenione
1615 265 1653 302 in
1673 265 1818 315 palatio
1840 265 1851 287 ¹
1873 268 1973 316 quod

1034 316 1208 352 construi
1223 316 1382 364 fecerat,
1399 319 1447 356 ad
1464 318 1661 357 Christum
1677 318 1877 368 migravit,
1888 331 1972 357 cum

1032 379 1166 405 annos
1183 370 1220 414 7,
1235 381 1361 408 mens.
1375 373 1411 417 4,
1424 384 1469 409 ac
1487 373 1572 410 dies
1587 372 1612 409 6
1628 372 1809 410 Pontifex
1826 371 1975 420 fuisset,

1033 421 1254 459 cumulatus
1276 424 1378 460 omni
1409 436 1553 473 genere
1582 425 1771 463 virtutum
1791 426 1974 465 Christia-

1033 486 1169 512 narum
1185 504 1194 519 ,
1223 477 1263 512 et
1290 477 1490 515 miraculis
1510 481 1597 526 post
1615 481 1776 517 mortem
1797 479 1938 518 clarus.

1084 527 1146 565 67.
1159 529 1338 578 Benefic.
1354 531 1570 568 ecclesiast.
1585 534 1893 579 reservacz'ones,
1904 545 1976 571 an-

1032 586 1155 618 natae
1174 586 1214 618 et
1231 584 1490 621 commendem
1503 584 1745 622 —Nonnulli
1765 586 1976 636 scriptores

1033 634 1080 671 de
1101 634 1189 671 RR.
1212 634 1493 682 Pontificibus,
1513 637 1579 685 qui
1608 638 1807 676 Avenione
1836 639 1975 677 morati

1033 690 1140 734 sunt,
1159 688 1472 737 expostularunt,
1489 691 1588 739 quod
1607 691 1841 730 introductis
1857 693 1973 730 bene-

1031 740 1209 778 ficiorum
1243 741 1595 781 ecclesiasticorum
1624 745 1975 792 reservationibus,

1031 794 1185 831 annatis
1205 797 1245 832 et
1276 796 1537 842 commendis,
1558 797 1851 835 Ordinariorum
1874 799 1974 836 iuri-

1031 847 1099 884 bus
1119 847 1379 896 detraxerint,
1395 851 1434 887 et
1450 850 1770 889 extraordinariis
1786 852 1887 890 taxis
1906 865 1974 890 ec-

1029 900 1167 938 clesias
1186 902 1403 950 gravarint.

1082 953 1233 991 Verum
1254 955 1341 993 RR.
1367 955 1579 993 Pontifices
1607 958 1808 1006 tamquam
1829 958 1969 996 Eccle-

1029 1007 1109 1044 siae
1129 1006 1317 1055 primates
1350 1010 1390 1046 et
1422 1008 1870 1048 omnium'ecclesiarum
1893 1012 1972 1050 sol-

1029 1060 1275 1098 licitudinem
1322 1066 1502 1111 gerentes
1522 1092 1532 1109 ,
1568 1066 1758 1112 tanquam
1804 1065 1973 1114 supremi

1031 1114 1220 1151 bonorum
1260 1115 1612 1154 ecclesiasticorum
1657 1117 1944 1166 dispensatores
1964 1148 1973 1165 ,

1031 1167 1272 1216 provisiones
1290 1171 1330 1206 et
1349 1169 1576 1207 collationes
1603 1170 1879 1208 beneficiorum
1909 1174 1972 1210 at-

1031 1232 1105 1269 que
1125 1221 1364 1269 dignitatum
1385 1223 1738 1261 ecclesiasticarum
1759 1223 1833 1262 sibi
1853 1236 1973 1262 reser-

1034 1285 1126 1311 vare
1146 1273 1232 1311 iure
1255 1279 1415 1323 possunt
1431 1276 1454 1314 ².
1472 1277 1579 1314 Istud
1598 1276 1657 1314 ius
1677 1289 1701 1315 a
1720 1277 1858 1326 priscis
1878 1280 1974 1316 tem-

1033 1327 1189 1376 poribus
1206 1357 1215 1374 ,
1249 1328 1340 1366 olim
1374 1331 1504 1367 rarius
1535 1333 1671 1378 postea
1703 1330 1948 1380 frequentius
1963 1361 1972 1378 ,

1032 1384 1295 1419 exercuerunt
1322 1383 1545 1420 iustissimis
1575 1395 1623 1421 ex
1651 1384 1800 1431 causis,
1820 1384 1904 1422 sive
1924 1385 1973 1422 ad

1035 1436 1250 1472 avertenda
1265 1435 1381 1482 mala,
1397 1436 1536 1485 quibus
1554 1436 1762 1475 electiones
1776 1450 1825 1475 ex
1843 1439 1974 1476 ambi-

1033 1487 1138 1525 tione
1154 1488 1362 1537 studioque
1382 1489 1551 1538 partium
1572 1491 1918 1539 perturbabantur,
1934 1493 1974 1530 et

1033 1541 1081 1578 ad
1094 1542 1376 1580 consulendum
1392 1543 1565 1581 ecclesiis
1576 1544 1622 1581 de
1637 1544 1764 1593 dignis
1774 1544 1974 1588 ministris,

1032 1594 1114 1632 sive
1126 1596 1174 1633 ad
1185 1595 1751 1644 corrigendamOrdinariorum
1766 1597 1974 1644 incuriam,

1032 1647 1095 1685 vel
1123 1650 1171 1686 ad
1198 1649 1419 1686 habendam
1452 1650 1549 1687 bene
1583 1650 1816 1688 meritorum
1848 1652 1973 1689 ratio-

1033 1713 1120 1738 nem
1141 1700 1167 1740 3.
1195 1701 1303 1739 Sacc.
1331 1702 1427 1740 XIII
1457 1705 1497 1741 et
1524 1714 1627 1752 seqq.
1655 1704 1741 1741 RR.
1762 1704 1974 1743 Pontifices

1032 1755 1134 1791 idem
1168 1755 1228 1792 ius
1258 1756 1382 1804 magis
1416 1756 1686 1805 explicarunt,
1722 1759 1765 1794 ut
1793 1759 1975 1796 omnibus

1033 1810 1243 1854 constaret,
1264 1820 1428 1856 quorum
1450 1809 1730 1847 beneficiorum
1750 1811 1906 1849 collatio
1926 1813 1972 1850 ad

1033 1862 1295 1910 Apostolicam
1315 1862 1474 1909 Sedem,
1495 1875 1659 1911 quorum
1691 1865 1739 1901 ad
1759 1865 1975 1915 episcopos,

1033 1927 1196 1963 quorum
1217 1916 1267 1952 ad
1287 1913 1384 1953 alios
1406 1917 1629 1964 pertineret.
1648 1917 1707 1955 Ita
1723 1918 1899 1956 Clemens
1918 1919 1973 1956 IV

1033 1968 1309 2005 constitutione
1325 1969 1437 2007 Licet
1451 1971 1715 2008 ecelesiarum
1726 1972 1974 2020 Apostolicae

1032 2021 1124 2058 Sodi
1141 2023 1361 2060 reservavit
1377 2022 1625 2060 collationem
1646 2025 1908 2072 ecclesiarum,
1925 2026 1977 2063 di-

1033 2075 1225 2123 gnitatum
1244 2105 1253 2120 ,
1288 2080 1566 2124 personatuum
1602 2079 1642 2114 et
1674 2078 1948 2116 beneficiorum
1966 2110 1975 2126 ,

1033 2140 1131 2176 quae
1151 2128 1191 2165 in
1212 2129 1390 2166 Romana
1410 2130 1528 2167 Curia
1555 2136 1760 2177 vacarent,
1781 2144 1848 2169 seu
1874 2143 1974 2180 quo-

1033 2193 1119 2218 rum
1141 2193 1383 2230 possessores
1403 2183 1572 2220 obierint
1591 2184 1630 2220 in
1648 2184 1744 2230 loco,
1762 2197 1835 2234 quo
1852 2197 1974 2223 mora·

1034 2238 1142 2272 retur
1162 2235 1348 2273 Pontifex
1362 2266 1370 2281 ,
1391 2247 1569 2285 quaeque
1589 2238 1792 2286 specialius
1812 2240 1975 2278 caeteris

1033 2289 1194 2337 antiqua
1213 2290 1466 2335 consuetudo,
1489 2293 1532 2326 ut
1552 2290 1590 2327 in
1612 2292 1812 2339 praedicta
1828 2293 1975 2330 Consti—

1032 2342 1180 2379 tutione
1209 2341 1373 2391 legitur,
1393 2343 1482 2380 RR.
1513 2343 1767 2383 Pontificibus
1794 2357 1973 2383 reserva-

1034 2395 1090 2432 vit
1106 2395 1131 2432 ‘¹.
1154 2396 1369 2444 Gregorius
1390 2396 1666 2442 X,Clementis
1686 2399 1742 2435 IV
1762 2410 1972 2445 successor,

1031 2448 1244 2486 decessoris
1284 2449 1344 2486 sui
1373 2449 1699 2487 Constitutionem
1728 2451 1975 2490 confirmavit

1031 2513 1120 2539 cum
1158 2502 1231 2539 hoc
1267 2505 1578 2551 temperamento
1600 2532 1610 2549 ,
1644 2508 1687 2540 ut
1719 2504 1749 2540 si
1788 2505 1973 2543 Pontifex

1032 2555 1250 2592 huiusmodi
1284 2556 1470 2593 beneficia
1507 2557 1611 2593 intra
1639 2568 1811 2594 mensem
1842 2569 1863 2594 a
1893 2559 1973 2606 die,

1033 2620 1107 2657 qua
1136 2609 1338 2654 vacarint,
1359 2621 1435 2646 non
1465 2610 1698 2655 contulerit,
1720 2622 1766 2646 ea
1795 2610 1972 2649 conferre

1033 2665 1191 2710 possent
1211 2662 1407 2700 Ordinarii
1428 2662 1453 2700 ⁵.
1474 2662 1697 2700 Bonifacius
1718 2663 1813 2700 VIII
1841 2675 1972 2702 reser-

1032 2715 1228 2752 vationem
1251 2715 1460 2752 Clementis
1480 2716 1533 2752 IV
1555 2715 1733 2752 extendit
1752 2717 1798 2753 ad
1821 2717 1971 2755 benefi-

1031 2769 1091 2805 cia
1107 2769 1290 2806 vacantia
1307 2770 1345 2805 in
1361 2769 1453 2805 locis
1469 2768 1605 2806 vicinis
1618 2769 1759 2806 Curiae
1770 2770 1973 2809 Romanae

1030 2833 1097 2858 seu
1120 2822 1223 2858 intra
1243 2822 1414 2870 spatium
1437 2821 1588 2859 itineris
1608 2821 1774 2858 duorum
1800 2823 1972 2872 dierum,

1067 2959 1077 2979 ¹
1095 2958 1288 2990 Ptolomaeus
1311 2955 1458 2986 Lucensis
1482 2965 1531 2994 ap.
1555 2956 1703 2987 Saunium
1727 2957 1758 2987 in
1788 2955 1865 2988 Vitis
1892 2956 1972 2986 Pon-

1028 3000 1141 3030 tificum
1159 2998 1424 3029 Avenioncnsium.

1065 3041 1079 3062 '2
1092 3040 1282 3075 Thomassin‚
1306 3037 1398 3068 retus
1413 3039 1443 3068 et
1461 3046 1541 3068 nova
1561 3038 1644 3070 Eccl.
1665 3038 1787 3079 discipl,
1808 3042 1886 3078 part.
1903 3039 1936 3076 Il,
1954 3039 1972 3069 l.

1027 3082 1053 3120 1;
1071 3082 1227 3128 Zacparia,
1243 3079 1469 3110 Auli-Febrem
1487 3089 1516 3118 p.
1534 3080 1573 3118 ll,
1589 3080 1608 3110 l.
1625 3080 1653 3111 5.

1064 3123 1254 3234 Ξὲἕειέᾃὲἷιιιέ
1270 3163 1287 3192 l.
1308 3162 1352 3206 Vl,
1371 3161 1474 3199 tit.1v,
1493 3173 1517 3193 c.
1535 3162 1563 3200 2,
1581 3163 1626 3193 De
1642 3162 1749 3203 praeb.
1773 3165 1802 3194 el
1818 3162 1930 3203 (liquit.

1130 3215 1136 3234 l
1163 3229 1167 3234 .
1184 3215 1208 3235 C.
1248 3228 1254 3233 .
