2241 3473
317 156 368 191 48

263 234 487 281 peratorem
507 230 532 267 ¹.
551 229 769 267 Ecclesiam
796 227 972 265 maxima
990 238 1082 264 cum
1100 227 1218 265 laude

261 284 368 322 rexit
388 283 498 321 annis
529 283 613 319 fere
635 282 671 319 7.
692 281 729 318 Is
755 280 1001 329 disciplinam
1028 280 1217 318 ecclesia-

260 338 401 375 sticam
431 332 568 372 multis
589 333 759 371 decretis
779 332 1032 379 instauravit,
1053 335 1093 370 et
1112 333 1218 370 inter

261 391 339 428 alia
368 388 531 432 statuit,
563 390 606 424 ut
632 387 741 435 pueri
777 398 799 423 a
834 386 1064 433 parentibus
1097 385 1218 423 oblati

262 441 528 485 monasteriis,
550 451 640 477 cum
657 440 705 477 ad
723 439 901 477 adultam
932 442 1102 476 aetatem
1122 450 1216 487 per-

262 495 486 538 venissent,
525 504 594 541 pro
630 492 794 529 arbitrio
828 492 867 528 in
903 491 950 529 iis
982 503 1215 541 permanere

263 547 325 584 vel
346 547 545 583 discedere
566 548 724 594 possent
744 544 770 582 ².
787 545 959 594 Negotia
979 545 1121 594 gravia
1141 545 1214 582 ha-

261 600 345 637 buit
374 611 462 636 eum
502 598 671 636 Henrico
701 598 757 635 VI
787 598 1025 647 imperatore
1054 602 1094 635 et
1122 610 1213 635 cum

260 652 440 701 Philippo
460 653 641 700 Augusto
662 663 755 700 rege
776 651 941 688 Galliae.

312 705 503 743 Henricus
532 705 601 752 VI,
622 705 814 743 Friderici
835 705 852 741 Ι
872 703 977 741 filius
1003 706 1042 741 et
1061 715 1214 741 succes-

258 771 335 804 sor,
356 770 418 796 an.
456 758 556 795 1191
592 770 679 795 cum
711 758 873 807 coniuge
893 769 964 795 sua
984 757 1214 795 Constantia

258 824 279 849 a
302 811 527 850 Caelestino
561 812 631 860 Pp.
663 813 813 849 Romae
833 813 1024 859 augustus
1045 822 1212 847 corona-

256 872 320 901 tus
341 867 401 902 est
419 867 627 913 postquam
647 864 832 909 iurasset,
852 876 892 902 se
910 863 1109 901 Ecclesiae
1126 863 1213 901 iura

257 920 580 955 conservaturum
616 922 655 955 et
683 918 962 955 restituturum
982 929 1083 965 quae
1104 916 1213 954 illius

255 971 489 1019 patrimonio
519 971 674 1009 fuerant
708 972 852 1009 ablata.
876 971 1064 1016 Posthac,
1084 970 1211 1007 invito

255 1024 462 1071 Pontifice,
483 1025 708 1063 exercitum
728 1025 766 1061 in
783 1024 970 1073 Apuliam
992 1024 1104 1061 duxit
1126 1035 1212 1060 con-

255 1077 358 1126 iugis
387 1090 480 1115 suae
509 1078 598 1115 iura
624 1078 662 1115 in
693 1089 858 1126 regnum
887 1077 1044 1114 Siciliae
1078 1076 1210 1114 vindi-

257 1133 428 1169 caturus.
449 1131 608 1168 Etenim
628 1131 864 1168 Guilielmus
886 1131 922 1168 II
943 1142 1014 1168 rex
1036 1130 1208 1176 Siciliae,

258 1184 393 1221 liberis
427 1196 587 1231 carens,
616 1184 729 1233 regni
759 1184 969 1221 haeredem
999 1184 1211 1232 scripserat

260 1238 531 1275 Constantiam
567 1238 730 1275 amitam
768 1249 879 1274 suam
909 1251 918 1283 ς
957 1238 1025 1274 sed
1060 1237 1211 1281 Siculi,

257 1294 493 1328 extraneum
538 1291 671 1340 iugum
711 1293 932 1328 metuentes
959 1320 967 1337 ,
1007 1302 1067 1327 an.
1110 1289 1212 1327 1189

256 1347 343 1393 post
364 1346 530 1381 mortem
551 1344 754 1381 Guilielmi
774 1344 810 1381 II
832 1345 1098 1381 evocaverant
1114 1344 1214 1380 Tan-

255 1398 428 1443 credum,
445 1397 571 1434 filium
594 1398 757 1434 nothum
779 1397 942 1446 Rogerii
958 1397 1069 1434 ducis
1099 1399 1210 1445 Apu-

257 1449 332 1487 liae
351 1480 359 1496 ,
389 1462 557 1499 eumque
579 1463 599 1487 e
621 1462 810 1487 consensu
827 1450 1040 1488 Clementis
1061 1450 1130 1499 Pp.
1156 1451 1212 1487 III

256 1515 390 1552 regem
421 1509 666 1541 creaverant.
699 1503 892 1541 Henricus
920 1503 977 1541 VI
1006 1503 1211 1540 Salernum

254 1560 293 1593 et
326 1556 405 1594 alia
432 1556 623 1594 nonnulla
649 1557 735 1594 loca
761 1556 993 1604 occupavit,
1023 1556 1091 1593 sed
1121 1557 1211 1593 bre-

255 1609 294 1646 vi
323 1611 437 1659 post,
468 1609 648 1647 exercitu
678 1609 826 1646 morbis
855 1609 1014 1655 attrito,
1044 1609 1083 1646 in
1113 1611 1213 1646 Ger-

252 1663 426 1700 maniam
462 1675 665 1712 regressus
699 1665 789 1708 est,
825 1666 863 1699 et
901 1662 1130 1700 Tancredus
1164 1675 1211 1700 a-

254 1717 374 1760 missa
409 1717 674 1765 recuperavit.
710 1717 933 1764 Imperator
970 1716 1009 1752 in
1042 1715 1212 1752 Germa-

255 1769 359 1806 niam
395 1770 519 1807 redux
538 1799 547 1815 ,
577 1769 728 1818 grande
758 1769 912 1806 facinus
946 1768 1142 1806 commisit
1171 1769 1209 1806 in

255 1823 499 1860 Ricliardum
531 1834 664 1872 regem
686 1822 868 1872 Angliae,
891 1834 1023 1870 quem,
1053 1833 1143 1858 cum
1164 1822 1212 1859 ab

255 1876 504 1925 expeditione
524 1876 890 1926 Hierosolymitana
904 1875 1060 1912 rediens
1077 1875 1115 1912 in
1135 1887 1211 1913 ma-

254 1929 288 1966 ri
319 1930 522 1966 Adriatico
564 1929 815 1977 naufragium
852 1940 989 1977 passus
1025 1931 1125 1966 esset
1144 1958 1153 1974 ,
1190 1940 1211 1965 a

254 1982 452 2031 Leopoldo
469 1983 566 2020 duce
584 1984 769 2020 Austriae
786 1982 1066 2030 interceptum,
1081 1984 1209 2019 custo-

256 2035 341 2072 diae
368 2036 608 2085 mancipavit
629 2042 667 2073 ct
691 2037 739 2073 ad
764 2036 1035 2072 redimendam
1069 2035 1208 2083 grandi

254 2089 442 2137 pecuniae
464 2101 620 2126 summa
640 2089 865 2127 libertatem
884 2088 1022 2137 coegit.
1044 2089 1210 2137 Propter

253 2147 410 2178 tantum
447 2141 600 2179 facinus
623 2142 871 2180 commissum
895 2142 931 2178 in
958 2153 1091 2190 regern
1121 2153 1209 2178 cru—

254 2194 445 2242 cigerum,
475 2195 721 2233 Caelestinus
752 2196 821 2244 Pp.
844 2194 1058 2232 Henricum
1081 2195 1207 2243 impe-

254 2253 423 2285 ratorem
447 2251 485 2285 et
506 2249 745 2296 Leopolslum
774 2249 913 2285 ducem
935 2248 1206 2285 excommuni-

254 2302 373 2346 cavit,
394 2302 516 2338 doncc
539 2303 719 2339 iniuriam
740 2302 936 2339 Richardo
954 2303 1035 2350 regi
1059 2301 1207 2340 illatam

252 2358 483 2402 repararent
504 2361 543 2392 et
564 2358 759 2392 extortam
783 2356 830 2392 ab
851 2367 895 2392 eo
918 2355 1119 2402 pecuniam
1142 2366 1206 2392 re-

253 2408 476 2446 stituerent.
508 2408 658 2445 Verum
695 2408 887 2446 Henricus
918 2408 971 2444 VI
1004 2408 1207 2446 Pontificis

253 2461 489 2498 sententiam
512 2461 661 2510 sprevit
682 2475 690 2507 ;
722 2465 761 2499 et
780 2474 841 2498 an.
869 2461 967 2498 1194
991 2464 1076 2509 post
1097 2474 1205 2498 inor-

252 2517 328 2551 tem
352 2514 560 2561 Tancredi,
581 2515 646 2563 qui
668 2513 792 2551 filiurn
816 2526 932 2551 suuni
951 2514 1205 2552 Guilielinum

251 2567 322 2604 sibi
344 2568 381 2604 in
413 2579 675 2606 successorem
705 2567 892 2616 elegerat,
915 2578 1068 2604 omnem
1093 2570 1204 2616 Apu-

251 2621 358 2666 liam,
380 2622 603 2659 Calabriam
624 2626 663 2658 et
685 2621 860 2659 Siciliam
883 2620 1050 2669 subegit,
1073 2621 1203 2658 iunio—

253 2673 286 2710 ri
317 2674 529 2711 Guiliclmo
564 2677 703 2712 contra
722 2675 853 2712 datam
877 2673 911 2710 ei
938 2674 1052 2710 fidem
1075 2674 1205 2712 oculos
1226 2706 1229 2719 ,

252 2727 337 2764 erui
359 2728 484 2774 iussit,
503 2731 543 2766 ct
563 2728 600 2765 in
624 2727 788 2773 Siculos,
806 2727 1046 2765 teutonicum
1068 2727 1202 2776 iugum
1226 2772 1228 2786 k

295 2819 302 2839 ¹
320 2821 500 2860 Suspicione
513 2820 659 2852 salsitatis
673 2821 796 2852 laborat
814 2820 896 2861 quod
917 2820 1069 2851 Bai-onius
1083 2819 1204 2851 decae-

251 2861 363 2891 les-nno
389 2864 481 2892 refert
504 2866 511 2897 (
528 2873 566 2902 ap
591 2863 689 2894 Natal.
708 2863 872 2893 Alexandr.
889 2861 968 2893 Ilist.
987 2861 1102 2893 Eccles.
1121 2871 1202 2892 succ.

252 2902 288 2932 xl
314 2907 342 2933 ct
364 2902 434 2939 xil,
458 2914 486 2935 c.
507 2905 535 2942 ι),
559 2915 586 2934 ει,
616 2904 672 2940 13),
698 2905 822 2943 rapam,
846 2903 975 2940 sellu-cl,
991 2904 1019 2933 in
1038 2904 1095 2933 ritu
1114 2904 1203 2933 huius
1225 2913 1226 2916 ¹

252 2946 497 2975 consecrationis
516 2952 715 2984 peragentem
734 2947 811 2984 pede
828 2955 884 2976 suo
901 2954 1049 2976 coronam
1068 2945 1201 2982 irnpcrn-
1224 2970 1226 2975 .

251 2986 326 3015 toris
345 2988 549 3023 percussisse,
567 2988 760 3018 deiicientem
780 2987 862 3018 illam
881 2989 911 3018 in
931 2992 1043 3017 terram
1058 2986 1096 3016 ad
1111 2987 1203 3025 signi-
1224 2984 1225 3006 l

251 3027 403 3057 lit-andam
428 3032 610 3066 potestat-*m
635 3029 778 3059 eiicicmli
804 3038 872 3059 eum
897 3029 936 3058 nb
954 3028 1086 3067 irnperio
1103 3027 1129 3057 si
1146 3028 1199 3057 ‹lc-

251 3069 403 3099 meruerit.
429 3070 458 3099 ln
487 3069 648 3101 Clu-nnuc
665 3072 746 3101 enim
765 3070 1067 3110 [frichersperyr’nst'
1091 3070 1203 3107 legunt·
1223 3070 1225 3092 ἱ

251 3109 402 3140 nem-icus
420 3109 457 3140 ub
475 3112 542 3150 ipso
564 3110 742 3143 Caelestino
761 3112 815 3152 l'p.
834 3117 1041 3143 consecratus
1059 3111 1202 3141 hunoru—
1222 3110 1225 3145 j

251 3149 361 3180 ltililer
384 3150 516 3187 Romae,
541 3155 571 3183 el
587 3156 772 3191 coronatus,
791 3158 819 3183 ut
839 3157 885 3184 cst
903 3155 931 3183 in
951 3153 1116 3183 Muratorii
1134 3152 1201 3183 An·
1222 3149 1225 3176 Ι

252 3190 379 3221 namma·
396 3192 518 3231 ltaliae,
534 3195 571 3224 :nl
590 3204 637 3225 an.
658 3195 746 3232 1191,
765 3205 791 3232 p.
811 3195 893 3232 721.
913 3194 974 3226 Vll.

292 3231 305 3251 ²
322 3233 471 3264 baronius
488 3239 514 3265 ct
533 3236 740 3275 1'agfi,a‹1a11.
763 3235 876 3272 1198ss
899 3236 920 3266 Ι.

741 164 900 190 EI'OCHA
931 162 999 188 vn.
1035 163 1060 187 A
1091 162 1362 189 PONTIFlCA'rV
1391 162 1421 188 S.
1452 163 1649 190 GREGORII
1680 165 1736 190 Vll

1262 238 1382 275 aegre
1401 227 1575 266 ferentes
1588 259 1598 275 ,
1618 229 1832 268 crudeliter
1855 232 2008 271 saeviit.
2028 233 2217 271 Attamen

1261 281 1379 328 paulo
1395 283 1486 333 ante
1501 283 1680 328 mortem,
1697 295 1796 331 quae
1813 284 1849 321 ei
1868 296 1972 322 anno
1991 285 2093 323 1197
2109 285 2216 324 Mes-

1261 345 1380 370 sanae
1400 334 1558 382 obtigit,
1578 335 1861 383 poenitentiam
1891 339 1993 387 egit,
2013 340 2054 375 et
2072 337 2216 376 Fride-

1260 386 1342 422 rico
1358 386 1438 424 filio
1456 388 1673 434 mandavit,
1683 391 1727 425 ut
1741 392 1939 428 extortam
1954 390 2121 440 Angliae
2130 391 2216 440 regi

1261 440 1466 486 pecuniam
1488 441 1719 478 restitueret
1735 471 1745 487 ,
1771 445 1889 491 atque
1908 443 1997 481 iura
2014 455 2039 481 a
2058 444 2216 493 regibus

1259 491 1418 530 Siciliae
1440 494 1690 542 Apostolicae
1710 494 1802 532 Sedi
1823 495 1955 534 debita
1972 496 2182 535 tribueret.

1313 546 1356 582 In
1379 546 1509 583 Gallia
1530 547 1737 596 Philippus
1765 548 1803 585 II
1829 560 1902 586 rex
1921 549 2216 598 expeditionem

1259 609 1413 636 sacram
1431 598 1470 636 in
1491 599 1756 637 Palaestinam
1774 602 1960 650 suscepit,
1973 604 2018 639 ut
2032 602 2218 649 vidimus,

1256 651 1295 688 in
1316 663 1437 701 regno
1458 664 1527 690 suo
1543 653 1724 691 ecclesias
1743 655 1783 691 et
1798 654 1961 692 clericos
1982 666 2213 704 aquorum-

1257 704 1348 741 dam
1369 708 1599 753 magnatum
1627 706 1782 744 iniuriis
1812 706 2041 754 vindicavit,
2060 708 2102 746 in
2120 708 2212 746 bla-

1257 758 1438 806 sphemos
1471 770 1618 807 poenas
1652 770 1795 809 graves
1824 760 2016 807 sancivit3
2036 761 2216 808 Iudaeos,

1258 811 1360 858 quod
1383 823 1473 860 opes
1494 813 1704 850 immensas
1727 813 1858 850 usuris
1873 816 2217 863 cogerent,servos

1257 864 1492 902 christianos
1521 866 1570 902 ad
1599 865 1875 903 iudaizandum
1905 867 2216 915 compellerent,

1257 917 1444 967 milleque
1463 918 1664 956 molestias
1685 919 1910 957 christianis
1925 919 2132 966 inferrent,
2151 932 2213 958 re-

1256 981 1333 1018 gno
1363 971 1472 1008 exire
1503 971 1637 1018 iussit3
1658 972 1726 1009 sed
1747 983 1810 1009 an.
1836 972 1938 1011 1193
1958 984 2102 1021 graves
2122 975 2214 1011 tur-

1257 1024 1325 1061 bas
1343 1025 1536 1062 excitavit
1555 1024 1662 1063 facto
1687 1036 1777 1061 cum
1799 1025 2050 1075 Ingelburge,
2069 1026 2213 1064 Canuti

1257 1076 1358 1125 regis
1390 1077 1536 1115 Daniae
1561 1089 1708 1124 sorore,
1729 1078 1913 1116 divortio.
1934 1079 2051 1116 Hanc
2069 1078 2214 1128 quippe

1257 1133 1341 1178 post
1361 1130 1511 1167 obitum
1541 1131 1731 1168 Isabellae
1760 1143 1828 1168 seu
1858 1131 2110 1170 Elisabethae
2129 1143 2216 1169 con-

1255 1183 1387 1232 iugem
1408 1184 1599 1231 duxerat,
1621 1184 1687 1222 sed
1707 1184 1836 1222 altera
1855 1185 2122 1234 post-nuptias
2150 1185 2215 1223 die

1256 1236 1312 1274 ita
1333 1237 1381 1274 ab
1401 1249 1447 1275 ea
1467 1241 1675 1275 aversatus
1695 1239 1767 1284 est,
1790 1240 1832 1275 ut
1851 1237 2063 1276 divortium
2084 1238 2213 1287 petie-

1258 1290 1312 1326 rit
1330 1320 1339 1336 ,
1366 1290 1552 1339 adlegans
1586 1291 1874 1340 cognationem.
1906 1291 2005 1329 Post
2038 1302 2214 1329 mensem

1256 1343 1435 1391 praeside
1469 1344 1763 1392 archiepiscopo
1803 1343 2020 1382 Rhemensi
2054 1344 2212 1382 habitus

1258 1399 1318 1434 est
1351 1397 1579 1446 Compendii
1618 1397 1889 1446 episcoporum
1931 1399 1970 1436 et
2005 1408 2213 1446 procerum

1259 1453 1494 1496 conventus,
1514 1450 1552 1487 in
1573 1462 1651 1499 quo
1671 1462 1760 1487 cum
1781 1450 1932 1499 aliquot
1953 1452 2072 1488 testes
2088 1451 2212 1489 iurati

1257 1504 1530 1552 cognationem
1579 1504 1844 1542 affirmassent
1863 1534 1872 1550 ‚
1916 1503 2213 1542 matrimonium

1259 1556 1432 1605 Philippi
1462 1568 1551 1594 cum
1582 1557 1820 1605 Ingelburge
1834 1586 1843 1604 ,
1864 1557 1943 1594 iam
1963 1568 2213 1595 consumma-

1257 1612 1342 1646 tum
1357 1639 1366 1655 ,
1390 1612 1433 1646 ut
1462 1610 1558 1647 haec
1585 1610 1828 1655 testabatur,
1851 1610 2005 1648 nullum
2026 1610 2212 1649 declara-

1257 1666 1344 1700 tum
1366 1666 1437 1700 est.
1474 1662 1622 1700 Verum
1646 1662 1889 1701 Caelestinus
1909 1664 1980 1713 Pp.
2002 1664 2050 1701 ab
2079 1663 2213 1713 Ingel-

1257 1716 1383 1763 burge
1419 1719 1460 1753 et
1493 1717 1646 1754 Canuto
1681 1727 1774 1764 rege
1805 1716 2082 1765 interpellatus
2103 1718 2144 1754 et
2165 1717 2213 1754 de

1257 1769 1423 1807 conficta
1457 1770 1690 1818 cognatione
1718 1770 1956 1816 instructus,
1975 1769 2015 1807 in
2039 1769 2211 1808 Galliam

1257 1822 1408 1871 legavit
1429 1822 1632 1860 Meliorem
1669 1823 1948 1872 presbyterum
1970 1822 2212 1860 cardinalem

1258 1879 1297 1912 et
1319 1876 1502 1912 Centium
1538 1875 1835 1922 subdiaconum,
1856 1876 1923 1924 qui
1943 1876 2212 1925 episcoporum

1257 1940 1538 1978 procerumque
1573 1932 1810 1967 conventum
1845 1929 2077 1967 indixerunt
2104 1929 2212 1966 Pari-

1255 1982 1336 2028 siis,
1357 1983 1423 2020 sed
1457 1982 1648 2031 episcopis
1669 1982 1842 2031 ipsisque
1858 1982 2002 2031 legatis
2022 1982 2122 2020 iram
2141 1993 2210 2019 re-

1256 2035 1315 2083 gis
1350 2036 1631 2080 metuentibus,
1654 2036 1750 2072 nihil
1772 2035 1958 2073 effectum
1979 2038 2051 2073 est.
2073 2035 2210 2073 Caele-

1254 2089 1380 2126 stinus
1401 2101 1494 2126 vero
1523 2092 1729 2138 postquam
1763 2100 1924 2126 causam
1948 2088 2211 2137 cognovisset,

1255 2142 1492 2179 sententiam
1525 2142 1685 2179 divortii
1709 2142 1863 2178 irritam
1888 2140 1994 2188 fecit3
2011 2140 2212 2190 episcopos

1254 2195 1387 2233 Gallos
1409 2195 1587 2244 graviter
1603 2195 1803 2243 corripuit,
1825 2195 1929 2243 quod
1950 2193 1990 2231 in
2012 2196 2125 2233 tanto
2147 2206 2211 2232 ne·

1253 2249 1358 2297 gotio
1390 2261 1461 2285 non
1494 2248 1758 2285 recurrissent
1788 2247 2005 2285 secundum
2036 2247 2209 2296 priscum

1253 2313 1399 2338 morem
1419 2302 1466 2338 ad
1485 2301 1752 2350 Apostolicam
1769 2301 1926 2347 Sedem,
1942 2305 1982 2338 et
1998 2300 2079 2350 regi
2100 2311 2211 2338 man-

1253 2355 1363 2392 davit
1404 2358 1444 2391 ut
1481 2366 1571 2392 cum
1610 2355 1846 2404 Ingelburge
1885 2353 2210 2392 reconciliaretur

1251 2408 1522 2456 inhibuitque,
1552 2419 1619 2453 ne,
1648 2410 1730 2455 ipsa
1761 2407 1941 2453 vivente,
1970 2406 2089 2445 aliam
2117 2418 2211 2445 uxo·

1250 2472 1333 2497 rem
1376 2461 1549 2498 duceret.
1589 2458 1855 2498 Nihilominus
1898 2460 2102 2509 Philippus
2144 2471 2206 2498 an.

1255 2513 1354 2551 1196
1375 2514 1610 2562 superduxit
1631 2515 1841 2563 Agnetem,
1863 2513 1973 2552 ducis
2005 2512 2208 2552 Meraniae

1250 2565 1382 2612 filiam3
1417 2579 1534 2615 quam
1556 2571 1685 2604 tamen
1712 2567 1931 2605 Innocentii
1952 2567 2022 2615 Pp.
2044 2566 2101 2604 ΙΙΙ
2124 2577 2208 2604 mo-

1251 2620 1341 2656 nitis
1362 2621 1611 2669 censuriscme
1633 2621 1791 2658 tandem
1814 2619 1959 2658 dimisit
1980 2618 2005 2658 ¹.

1303 2673 1364 2710 63.
1384 2671 1617 2722 Scriptores
1647 2674 1975 2712 ecclesiastici—
1991 2671 2205 2710 Posteriori

1251 2725 1364 2763 huius
1394 2727 1538 2764 sacculi
1569 2727 1727 2764 dimidio
1751 2729 1907 2776 praeter
1933 2725 2030 2763 alios
2055 2725 2206 2763 florue-

1250 2786 1338 2815 runt
1354 2781 1565 2829 scriptores
1578 2782 1640 2829 qui
1656 2782 1887 2829 sequuntur:
1898 2779 2121 2817 Richardus
2136 2790 2160 2816 a
2176 2789 2205 2815 s.

1247 2831 1420 2878 Victore,
1441 2834 1595 2879 Scottis,
1616 2833 1774 2871 Ordinis
1785 2846 1813 2871 s.
1828 2831 2039 2882 Augustini
2055 2831 2093 2869 in
2113 2843 2205 2870 coe-

1225 2902 1227 2906 ·
1251 2886 1362 2923 nubio
1386 2887 1599 2924 Parisiensi
1622 2886 1859 2932 canonicus,
1880 2886 2026 2935 pietate
2055 2896 2102 2923 ac
2131 2884 2203 2923 do-

1247 2940 1371 2977 ctrina
1394 2940 1568 2990 insignis:
1585 2940 1740 2989 scripsit
1757 2940 1886 2988 plures
1902 2940 2098 2975 tractatus
2116 2949 2208 2976 exe·

1248 2993 1407 3037 geticos,
1425 2994 1679 3043 dogmaticos,
1699 2991 1882 3044 mysticos
1903 2994 1943 3029 et
1959 2991 2203 3040 philosophi-

1247 3057 1311 3082 cos
1333 3045 1357 3083 ².
1382 3047 1496 3095 Hugo
1520 3047 1771 3092 Etherianus,
1794 3045 2016 3084 Hetrusous
2035 3073 2044 3090 ,
2065 3055 2203 3093 graece

1287 3194 1293 3214 ¹
1315 3195 1465 3225 llaronius
1482 3199 1511 3224 rt
1530 3195 1615 3233 Pagi,
1633 3194 1671 3224 :nl
1689 3203 1738 3225 au.
1759 3193 1867 3225 llum
1881 3192 1946 3225 198.

1285 3235 1297 3255 “·’
1315 3235 1638 3275 1101110mag3165u,22
1656 3239 1726 3266 lom.
1744 3235 1846 3266 in-sol.
1865 3235 1979 3275 Migne.
1998 3237 2017 3267 1.
2036 3234 2159 3266 CXCVl.
