2241 3473
513 123 652 154 VSQVE
673 127 728 154 AD
749 127 964 155 PVBLicAM
985 127 1134 156 RERVM
1157 129 1198 156 IN
1220 128 1389 158 GALLuS
1409 128 1732 158 SVBVERSIONEM

142 195 289 243 phicas,
316 194 522 242 Physicas,
549 196 832 242 Medicinalcs,
860 201 901 234 et
926 196 1092 245 Legales

141 247 394 286 contineatur
421 252 446 284 ¹.
476 250 708 287 Eruditione
735 251 926 288 consimili
952 255 994 288 et
1020 251 1093 287 cri-

141 303 219 339 tica
250 303 409 350 scripsit
443 304 491 341 de
525 304 617 340 Iesu
651 305 805 342 Chr-isti
823 333 832 347 ,
863 305 1090 353 Matrisqice

137 354 220 392 eius
251 355 406 395 Festi-s.
446 361 487 394 et
512 358 559 394 clo
586 357 743 395 Missae
776 358 1017 405 Sacrificio,
1042 357 1090 394 de

137 407 301 445 Sanctis
325 411 434 453 item,
463 412 527 458 qui
553 411 686 448 divino
720 411 859 448 Officio
886 413 1089 448 Bononiae

136 463 342 508 coluntur3
370 476 447 512 quo
481 466 602 502 etiam
634 466 749 502 modo
783 465 903 502 edidit
930 466 1091 502 Inscitu-

137 515 264 553 tioncs
282 517 610 563 Ecclesiasticas,
630 524 670 556 et
691 519 929 555 Tractatum.
947 519 995 555 cle
1020 519 1091 565 Sy-

135 570 237 607 nodo
255 574 282 605 2.
323 571 505 608 Bullarii
540 583 691 620 quoque
725 573 784 609 sui
819 573 984 608 Tomum
1011 573 1089 619 pri-

136 635 244 661 mum
271 626 418 670 emisit3
437 630 479 662 et
505 627 722 663 benevolus
748 626 915 674 patriae,
942 630 982 662 et
1007 626 1088 661 illu-

135 678 275 714 strium
310 679 546 715 Pontificum
587 679 805 716 innocentii
840 680 920 723 111,
958 679 1089 715 Hono-

135 731 185 767 rii
213 732 277 775 111,
305 733 491 780 Gregorii
520 734 573 769 IX
599 744 646 770 ac
665 733 860 770 Bonifacii
878 734 980 776 VIII,
999 744 1086 770 cum

135 784 277 822 librum
291 791 446 823 sextum
456 787 736 829 Decretalium,
749 792 790 824 et
804 788 960 823 Ioannis
975 787 1086 823 XXtI

133 849 224 875 cum
238 839 473 878 Decretales
487 841 702 879 Clementis
716 841 751 875 V
767 841 946 885 ederent,
958 851 1089 877 exem-

136 892 211 939 plis
237 893 427 931 adductus
444 923 452 939 ,
493 896 730 931 Doctoribus
756 899 796 932 et
833 895 1087 931 Scholaribus

132 946 330 984 universis
356 948 558 985 Bononiae
586 949 923 985 commorantibus
952 948 1088 984 inscri-

133 1000 222 1047 psit.
251 1002 383 1038 Etiam
411 1003 745 1051 Martyrologium
772 1004 995 1039 Romanum
1021 1013 1088 1038 au-

132 1054 232 1092 ctius
263 1055 455 1092 edendum
483 1057 660 1094 curavit:
689 1057 737 1094 de
767 1068 845 1105 qua
874 1057 1085 1094 emissione

131 1109 396 1154 ponderosam
424 1111 582 1159 scripsit
607 1112 814 1158 epistolam
834 1111 883 1147 ad
902 1112 1085 1148 Ioannem

131 1161 167 1195 V
184 1162 339 1210 Regem
355 1165 649 1209 Lusitanorum,
669 1165 777 1201 cuius
804 1165 992 1212 impensis
1009 1164 1084 1201 edi-

131 1216 184 1252 tio
211 1221 351 1254 curata
378 1222 448 1255 est.
471 1217 582 1259 Quae
609 1219 742 1254 omnia
764 1219 940 1255 efficiunt
961 1219 1086 1256 multa

129 1275 170 1307 et
186 1282 335 1318 magna
354 1273 591 1309 voluminass.
611 1273 796 1310 Breviter
814 1274 853 1309 in
869 1273 1084 1310 christiana

129 1326 279 1368 ethica,
307 1328 346 1364 in
374 1328 459 1364 iure
487 1327 699 1371 canonico,
728 1328 766 1363 in
793 1326 1001 1377 disciplina
1022 1341 1085 1367 ec-

129 1381 351 1419 clesiastica
376 1387 456 1420 tarn
474 1382 655 1427 arduum,
672 1386 751 1419 tarn
768 1387 1082 1429 controversum,

128 1439 207 1472 tam
234 1438 496 1482 reconditum,
528 1438 622 1474 nihil
649 1443 710 1475 est
734 1438 835 1487 quod
859 1450 936 1475 non
955 1439 1082 1476 erudi-

127 1489 277 1528 tissime
304 1492 530 1541 explanarit
555 1504 602 1530 ac
627 1493 843 1537 definierim
860 1493 958 1531 adeo
973 1498 1016 1530 ut
1033 1505 1082 1531 ex

128 1544 213 1581 eius
239 1545 349 1583 libris
367 1547 578 1591 antistites,
594 1546 781 1594 theologi,
797 1548 1026 1585 canonistae
1042 1552 1082 1584 et

125 1599 384 1637 ecclesiastici
411 1601 553 1649 singuli
580 1613 714 1638 rerum
741 1601 988 1649 agendarum
1018 1614 1082 1639 re-

125 1653 238 1698 gulas
266 1656 473 1703 percipere
500 1660 658 1704 queant.

170 1706 282 1743 Initio
309 1709 559 1755 pontificatus
586 1712 645 1747 sui
673 1711 886 1748 Iubilaeum
915 1711 1079 1757 indixit,

122 1762 303 1808 totusque
329 1763 419 1800 inde
445 1763 486 1799 in
512 1764 717 1801 Ecclesiae
745 1764 925 1813 regimen
952 1770 993 1803 et
1016 1776 1081 1803 cu-

121 1824 208 1850 ram
234 1815 406 1853 intentus
424 1846 432 1861 ,
459 1818 525 1854 vix
551 1817 626 1854 dici
654 1823 812 1867 potest,
839 1823 987 1867 quanta
1012 1832 1081 1868 ag-

121 1879 283 1913 gressus
297 1870 347 1906 sit
365 1871 672 1919 perfeceritque.
692 1873 925 1910 Tribunalia
944 1875 1078 1911 curiae

119 1921 326 1960 Romanae
352 1924 608 1969 reformavit,
637 1925 884 1974 iudicumque
911 1928 1079 1964 auctori-

122 1978 243 2012 tatem
270 1981 308 2013 et
336 1978 582 2024 singulorum
610 1978 917 2017 iurisdictionem
946 1981 1079 2018 defini-

119 2028 189 2065 vit.
209 2030 572 2078 Congregationem
602 2033 885 2080 particularem
909 2035 1079 2071 instituit

119 2093 241 2129 super
282 2085 563 2132 promovendis
605 2086 652 2122 ad
693 2088 964 2134 episcopatum
987 2118 995 2132 ‚
1035 2092 1079 2124 ut

121 2140 309 2183 quantum
336 2138 425 2175 fieri
451 2143 600 2187 posset,
620 2151 697 2175 non
725 2140 797 2176 nisi
816 2141 904 2186 viri,
924 2153 1078 2178 morum

119 2188 376 2237 integritate,
403 2203 521 2230 sacra
547 2193 728 2230 doctrina
753 2198 793 2231 ct
818 2207 915 2232 vero
940 2196 1077 2232 salutis

164 2295 174 2317 ¹
194 2296 260 2328 Hoc
280 2305 360 2339 opus
385 2298 564 2332 elaboravit
586 2305 757 2344 postquam
777 2302 864 2335 ultra
890 2303 1003 2344 viginti
1023 2312 1078 2335 an-

119 2349 178 2374 nos
206 2343 236 2374 in
256 2352 388 2377 munere
412 2345 610 2380 Promotoris
637 2347 722 2380 Fidei
742 2352 890 2382 versatus
910 2349 1022 2388 tuerit,
1041 2354 1077 2381 ut

120 2391 240 2422 certam
261 2397 298 2421 ac
316 2393 417 2423 tutam
433 2392 616 2426 methodum
631 2395 945 2436 traderctdirigendi
961 2397 1076 2428 seriem

119 2443 289 2468 causarum
311 2435 624 2479 Beatificationis,et
644 2439 926 2481 Canonizationis,
945 2452 1026 2485 quac
1038 2444 1076 2476 ol)

117 2482 225 2514 varias
243 2481 417 2523 opiniones
432 2482 646 2526 Scriptorum,
660 2490 766 2530 quiin
781 2490 920 2529 negotiis
934 2489 1076 2531 Congre-

116 2528 256 2568 gationis
275 2538 318 2561 ss.
336 2526 467 2560 llituum
487 2539 551 2563 non
570 2532 647 2565 satis
667 2535 783 2568 versati
804 2536 945 2576 fucrant,
962 2538 1072 2579 aliquo

115 2573 208 2606 modo
227 2575 373 2607 involuta
386 2583 422 2606 ac
433 2576 620 2617 perturbata
631 2579 920 2622 videbatur,atque
931 2584 1071 2617 omnium

117 2620 223 2653 oculis
241 2624 381 2662 pateret,
399 2630 493 2663 quam
511 2627 604 2655 caute
629 2633 667 2658 ac
688 2625 861 2667 diligenter
886 2628 1071 2670 Apostolica

115 2665 214 2699 Sedes
230 2667 260 2698 in
276 2667 456 2698 huiusmodi
473 2676 642 2701 causarum
663 2674 812 2705 examine
831 2682 864 2705 se
887 2677 1075 2713 gereret&

114 2710 227 2745 Const.
248 2713 323 2749 141,
338 2712 354 2755 Ξ
370 2713 405 2749 4,
424 2722 454 2753 p.
468 2714 547 2749 560,
566 2715 616 2746 t.1
637 2716 799 2751 Bullarii.

159 2759 174 2781 2
192 2758 305 2790 Libros
319 2758 363 2790 De
382 2757 514 2792 Servor.
530 2759 588 2792 Dei
603 2761 717 2803 beatis.
732 2767 810 2802 rto,
824 2764 869 2796 Dc
888 2766 961 2798 lesu
977 2766 1074 2800 Chri-

113 2803 158 2836 sti
180 2803 362 2846 Matr-isque
380 2805 451 2836 eius
469 2805 594 2845 Festis,
615 2807 662 2839 De
679 2809 800 2843 Missae
819 2809 1005 2852 Sacrifica
1026 2814 1070 2846 De

116 2848 252 2882 Sanctis
266 2855 329 2882 etc.
351 2850 451 2882 edidit
467 2859 537 2883 cum
558 2853 659 2885 adhuc
679 2855 846 2889 Ecclesiae
873 2857 1070 2892 Bononiensi

114 2900 300 2937 praeesset,
320 2904 401 2937 qnos
425 2896 530 2929 frictus
551 2897 711 2940 Pontifex,
740 2901 956 2936 additionibus
982 2904 1070 2938 locu-

114 2941 266 2983 pletatos,
285 2942 402 2973 iterum
422 2943 531 2974 emisit
551 2945 632 2985 typis
650 2944 821 2979 Seminarii
843 2948 997 2982 Patavini.
1016 2952 1069 2984 In-

114 2987 309 3021 stitutiones
327 2987 600 3027 Ecclesiasticae,
627 2991 725 3030 vulgo
748 2992 991 3033 Νοιίβεαῑίοηί,
1010 2997 1069 3029 sul»

114 3041 172 3065 suo
191 3034 479 3075 Arcliiepiscopatu
498 3035 689 3077 editae‚ipso
709 3038 866 3070 Pontifice
885 3040 915 3071 in
937 3042 1067 3076 latinam

116 3077 258 3119 linguam
275 3080 455 3111 translatae
475 3084 550 3112 sunt
586 3081 701 3114 Latine
721 3085 814 3116 otiam
842 3085 957 3118 redditi
980 3087 1068 3121 fuere

114 3122 189 3156 libri
207 3124 248 3158 de
269 3126 344 3158 lesu
373 3123 501 3157 Christi
519 3129 582 3158 etc.
597 3153 604 3166 ‚
625 3132 655 3160 ct
675 3129 714 3161 de
741 3129 915 3171 Sacrificio
933 3131 1064 3166 Missae.

111 3165 300 3204 Tractatum
319 3171 359 3203 cle
379 3170 510 3212 Synodo
529 3173 668 3214 protulit
686 3184 800 3215 gerens
826 3176 1063 3213 Pontificatum.

155 3217 168 3239 3
186 3216 296 3252 Venet.
313 3216 475 3255 1767,19
496 3218 572 3250 voll.
592 3219 701 3253 in-fol.

325 3275 590 3326 WOV'I'ERS,
624 3278 675 3318 11.

1965 119 2042 160 281

1145 199 1369 235 animarum
1395 198 1524 236 studio
1550 199 1733 247 praediti,
1752 199 1801 236 ad
1819 199 2094 247 regendasec-

1145 252 1285 289 clesias
1317 258 1629 291 assumerentur.
1667 254 1979 291 iurisdictionem
2020 255 2101 302 epi-

1143 317 1376 354 scoporum,
1395 307 1522 355 quoad
1549 308 1739 345 ecclesias
1765 307 2013 356 parochiales
2039 319 2100 345 re-

1144 361 1367 406 gularium,
1402 365 1442 397 ct
1467 360 1515 397 ad
1542 373 1752 409 personas,
1782 372 1920 399 curam
1946 361 2097 398 anima-

1145 425 1230 449 rum
1265 414 1507 450 subditorum
1542 416 1806 452 saecularium
1842 416 1881 452 in
1915 415 1962 452 iis
1986 426 2099 452 exer-

1144 472 1293 511 centes,
1313 472 1480 514 spectat‚
1499 469 1699 505 stabilivit.
1722 469 1845 506 Plura
1861 469 2032 506 sancivit
2049 469 2098 507 de

1140 521 1469 569 appellationibus
1503 522 1766 559 concedendis
1799 523 1862 560 vel
1894 523 2094 571 denegan-

1140 575 1213 619 dis,
1231 575 1354 623 deque
1382 586 1575 612 concursu
1602 580 1643 612 et
1667 577 1848 615 examine
1876 589 1948 626 pro
1976 578 2094 615 colla—

1141 629 1247 665 tione
1273 629 1532 666 ecclesiarum
1560 630 1859 678 parochialium.
1887 632 1978 668 Alia
2003 643 2098 669 con-

1139 683 1264 719 stituit
1291 687 1431 719 contra
1457 684 1719 721 confessarios
1737 685 2012 731 sollicitantes,
2028 686 2093 722 ab·

1139 736 1337 773 solventes
1363 738 1595 785 complicem
1615 767 1624 782 ,
1651 742 1718 775 aut
1751 739 1994 787 inquirentes
2026 751 2094 776 no-

1141 800 1231 826 men
1259 790 1474 838 complicis.
1509 791 1666 828 Abusus
1685 820 1693 836 ,
1719 793 1783 839 qui
1808 793 1846 829 in
1882 794 2094 830 observan-

1141 843 1236 879 tiam
1263 844 1396 880 ieiunii
1424 844 1790 892 Quadragesimalis
1816 846 2091 894 irrepserant,

1137 897 1305 934 sustulit.
1330 897 1605 946 Praescripsit‚
1627 909 1701 945 quo
1728 899 1865 936 ordine
1891 911 1938 936 ac
1964 900 2094 937 forma

1138 961 1347 986 causarum
1374 951 1725 988 matrimonialium
1751 953 1814 988 vel
1833 953 2092 1000 professionis

1137 1004 1350 1050 religiosae
1371 1005 1516 1042 iudicia
1533 1006 1611 1042 sint
1629 1006 1880 1053 peragenda3
1899 1008 2094 1055 exposuit,

1136 1058 1288 1105 quibus,
1307 1059 1517 1107 quomodo,
1535 1059 1747 1107 quibusque
1773 1061 1938 1097 cautelis
1956 1061 2091 1098 matri-

1137 1112 1270 1148 monia
1295 1113 1451 1150 occulta
1477 1113 1652 1161 permitti
1678 1117 1849 1161 queant3
1884 1114 1931 1151 de
1965 1115 2090 1152 dubiis

1137 1166 1346 1213 propositis
1373 1168 1480 1203 circa
1513 1167 1764 1203 matrimonia
1781 1196 1790 1212 ,
1817 1167 1857 1203 in
1882 1168 2092 1206 Hollandia

1137 1223 1178 1256 et
1210 1223 1416 1257 contracta
1451 1225 1491 1258 et
1525 1221 1823 1266 contrahenda,
1855 1221 2088 1259 declaratio-

1136 1285 1227 1310 nem
1254 1274 1379 1319 dedit;
1399 1275 1604 1323 episcopos
1629 1275 1802 1312 Polonos
1828 1276 2008 1323 graviter
2025 1276 2092 1312 ad-

1134 1330 1299 1373 monuit,
1319 1333 1362 1366 ut
1388 1330 1428 1366 in
1454 1329 1707 1367 admittendis
1726 1331 1998 1378 coniugiorum
2015 1331 2092 1367 dis-

1133 1385 1389 1423 solutionibus
1416 1390 1531 1423 caute
1559 1386 1835 1434 procederent.
1853 1387 2088 1424 Clausuram

1133 1441 1469 1477 monasteriorum
1494 1441 1703 1477 mulierum
1730 1445 1769 1478 et
1786 1442 1964 1477 virorum
1989 1442 2089 1490 opti-

1132 1494 1204 1530 mis
1235 1494 1388 1541 legibus
1419 1495 1608 1532 firmavit.
1642 1496 1758 1532 Anno
1791 1496 1882 1534 1750
1916 1496 2088 1533 alterum

1132 1548 1348 1585 Iubilaeum
1374 1549 1525 1593 indixit,
1544 1561 1620 1598 qua
1645 1550 1853 1587 occasione
1879 1550 2089 1587 celeberri-

1131 1613 1236 1638 mam
1263 1602 1371 1639 dedit
1395 1603 1615 1651 Epistolam
1642 1605 1887 1653 encyclicam
1913 1604 1960 1641 de
1992 1615 2086 1652 ope-

1131 1656 1239 1693 ribus
1268 1656 1316 1692 ad
1336 1657 1564 1694 lucrandum
1584 1658 1801 1695 Iubilaeum
1819 1658 2016 1704 iniunctis,
2035 1658 2084 1696 de

1129 1710 1384 1747 facultatibus
1418 1712 1671 1749 confessariis
1703 1713 1901 1750 concessis
1931 1724 2086 1750 earum-

1130 1775 1204 1812 que
1227 1776 1315 1801 usu.
1332 1765 1473 1802 Plures
1499 1766 1596 1802 alias
1621 1766 1669 1804 de
1695 1766 1862 1804 diversis
1889 1767 2081 1816 capitibus

1130 1824 1293 1854 exortas
1314 1820 1610 1856 controversias
1630 1820 1851 1858 luculenter
1869 1832 1916 1858 ac
1933 1820 2084 1870 perspi-

1130 1884 1201 1909 cue
1229 1873 1469 1920 explanavit.

1178 1926 1352 1963 Decreta
1377 1927 1425 1963 de
1453 1927 1593 1964 ritibus
1611 1928 1858 1965 Graecorum
1877 1930 2083 1967 Melchita-

1131 1991 1218 2015 rum
1245 1981 1539 2027 patriarchatus
1565 1982 1803 2019 Antiocheni
1819 2011 1827 2027 ‚
1855 1982 1902 2019 de
1928 1983 2082 2020 iurisdi-

1129 2032 1260 2069 ctione
1289 2034 1538 2080 patriarchae
1557 2038 1598 2071 et
1611 2035 1889 2083 episcoporum
1904 2036 2080 2073 eiusdem

1129 2086 1315 2130 nationis,
1334 2087 1382 2123 de
1408 2087 1616 2135 disciplina
1642 2089 1927 2125 monachorum
1942 2094 1982 2126 et
2001 2101 2080 2126 mo-

1128 2140 1303 2185 nialium,
1324 2141 1478 2189 aliaque
1506 2142 1553 2179 de
1574 2143 1746 2190 pluribus
1765 2143 1995 2191 disciplinae
2014 2155 2077 2180 ca-

1129 2193 1270 2239 pitibus
1296 2206 1366 2242 pro
1393 2195 1532 2231 incolis
1558 2195 1670 2243 regni
1698 2197 1864 2233 Serviae
1891 2201 1932 2233 et
1965 2197 2082 2233 finiti-

1129 2255 1285 2283 marum
1318 2248 1526 2295 regionum
1553 2249 1592 2284 in
1617 2261 1739 2285 unum
1767 2250 1960 2293 collecta,
1988 2262 2077 2298 pro-

1129 2300 1334 2348 mulgavit.
1362 2302 1616 2339 Nationalem
1647 2303 1837 2351 synodum
1859 2303 2077 2340 Maronita-

1129 2365 1230 2398 rum,
1251 2366 1353 2391 anno
1381 2356 1472 2392 1736
1499 2356 1538 2392 in
1565 2361 1698 2393 monte
1717 2357 1867 2392 Libano
1885 2356 2073 2402 habitam,

1128 2408 1391 2454 confirmavit3
1418 2421 1557 2446 eorum
1584 2410 1781 2459 episcopis
1806 2414 1938 2447 certas
1963 2411 2077 2449 sedes

1126 2462 1359 2509 assignavit,
1387 2468 1427 2499 et
1452 2465 1704 2511 patriarchae
1733 2475 1905 2501 annuum
1931 2466 2077 2502 carita-

1128 2516 1251 2551 tivum
1269 2517 1483 2554 subsidium
1501 2518 1900 2567 attribuit,abrogata
1917 2531 2078 2558 consue-

1127 2569 1258 2606 tudine
1286 2571 1497 2618 colligendi
1515 2573 1805 2619 praestationes
1826 2574 2078 2621 pecuniarias

1126 2622 1163 2658 in
1184 2623 1457 2663 distributione
1477 2637 1681 2662 sacrorum
1701 2627 2076 2665 Oleorum.1urisdi-

1126 2677 1296 2714 ctionem
1323 2679 1361 2715 in
1388 2681 1593 2728 AEgyptios
1619 2684 1659 2716 et
1683 2681 1780 2718 alios
1806 2681 1855 2718 ad
1878 2682 1976 2719 ritus
2003 2684 2074 2721 Co-

1124 2731 1250 2777 pticos
1277 2733 1533 2780 pertinentes,
1553 2737 1668 2781 atque
1697 2735 1745 2771 ad
1770 2736 1993 2773 Ecclesiam
2012 2748 2074 2773 ca-

1125 2785 1311 2822 tholicam
1347 2798 1588 2832 conversos,
1627 2789 1904 2838 cuiuscumque
1942 2796 2075 2829 essent

1122 2839 1337 2884 dioecesis,
1365 2842 1613 2878 confirmavit
1638 2844 1821 2892 episcopo
1847 2845 2074 2895 Hierosoly-

1122 2894 1271 2930 mitano
1300 2895 1474 2931 ciusdem
1501 2896 1618 2941 ritus3
1638 2909 1757 2946 super
1783 2898 1922 2944 dubiis,
1949 2900 1999 2936 ad
2024 2901 2075 2936 ri-

1122 2950 1187 2983 tus
1221 2948 1413 2985 ecclesiae
1448 2953 1488 2986 et
1513 2951 1681 2988 nationis
1713 2953 1927 3001 Coptorum
1953 2955 2072 3002 perti-

1119 3001 1319 3044 uentibus,
1338 3005 1586 3049 praeclaram
1614 3006 1931 3044 constitutionem
1952 3008 2072 3056 publi-

1119 3056 1248 3098 cavit,
1285 3060 1324 3092 et
1359 3068 1429 3104 pro
1464 3059 1599 3106 Coptis
1637 3060 1840 3097 catholicis
1877 3061 2069 3099 indultum

1120 3109 1314 3146 concessit
1348 3111 1563 3158 recipiendi
1594 3119 1885 3152 sacramentum
1919 3116 2068 3154 Confir-

1120 3163 1304 3199 mationis
1329 3174 1353 3200 a
1380 3166 1610 3214 presbytero
1635 3167 1832 3204 missionis
1849 3169 2064 3215 praefecto.

1118 3217 1250 3253 Fratri
1276 3229 1325 3254 cx
1351 3218 1500 3257 Ordine
1527 3221 1726 3258 Minorum
1759 3222 1808 3259 de
1841 3223 2064 3262 Observan-

1803 3286 1852 3324 21
