2241 3473
704 142 830 173 VSQVE
859 142 910 169 AD
938 139 1108 169 SCfflSMA
1129 139 1358 168 OCCIDENTIS

77 208 319 261 gregationes
334 207 585 246 eremitarum
601 208 674 245 sub
690 209 823 246 eadem
840 220 868 245 s.
887 208 1018 256 Augu-

76 263 164 302 stini
187 262 333 311 regula,
355 262 426 299 sub
455 262 588 299 codem
620 262 752 299 habitu
782 264 821 300 et
848 261 1018 298 eiusdem

76 315 223 354 Prioris
238 314 430 364 generalis
444 315 630 364 regimine
647 315 846 352 adunavit.
860 314 1020 351 Univer-

75 369 226 407 sitatem
262 367 610 406 Salmanticensem
625 397 634 413 ,
669 368 716 405 ab
748 367 943 416 Alphonso
981 367 1018 404 X
1038 398 1040 419 ζ

75 433 167 471 rege
207 421 403 460 Castellac
442 423 702 459 instauratam
720 449 729 466 ,
777 420 1040 472 confirmavitj

75 475 353 523 concessitque,
377 478 417 512 ut
439 475 664 512 doctoratus
683 473 818 511 laurea
835 474 872 510 in
895 485 940 510 ca
959 473 1018 509 in-
1039 478 1040 494 ³

74 527 221 577 signiti,
250 527 510 576 professorum
541 538 702 566 munere
723 526 833 574 fungi
863 529 1019 574 possent

74 582 113 618 in
134 581 311 618 omnibus
339 581 565 626 academiis,
586 579 819 618 Bononiensi
851 582 889 617 et
912 578 1021 616 Pari-

76 634 191 672 siensi
223 635 408 684 exceptis.
430 636 488 673 Ad
519 633 797 672 exscindendas
827 632 864 669 in
885 630 1022 669 Galliis

76 687 347 726 XValdensium
376 692 416 725 et
435 687 703 736 Albigensium
725 685 928 733 reliquias,
951 696 1020 733 po-

77 740 248 779 stulante
267 753 296 778 s.
317 741 516 778 Ludovico
536 751 642 788 rege,
662 737 927 787 Inquisitionis
947 738 1023 776 offi-

77 794 179 831 cium
199 794 251 832 ibi
271 793 521 832 demandavit
537 792 774 830 Provinciali
795 791 872 829 FF.
894 791 1019 828 Prae-

77 847 292 885 dicatorum
311 851 351 884 et
379 847 600 884 Guardiano
625 845 971 883 Franciscanorum
995 843 1018 882 ¹.

78 900 297 939 Veritatem
331 897 564 948 Stigmatur'n
605 911 634 937 s.
673 899 872 936 Francisci
910 909 1019 935 com-

77 953 256 1002 probavit
282 954 504 991 testimonio
533 965 603 990 suo
619 951 646 990 ².
663 952 824 998 —Alia,
844 962 942 999 quae
964 953 1019 989 A-

77 1006 266 1044 lexander
286 1006 354 1055 Pp.
377 1006 430 1043 IV
450 1007 582 1054 gessit,
604 1005 707 1043 infra
728 1006 907 1042 dicemus.

129 1059 193 1098 29.
213 1059 420 1098 Ecclesiae
439 1065 573 1097 status
594 1061 638 1096 in
659 1060 782 1097 Italia
803 1064 843 1096 et
860 1058 1023 1095 Germa·

79 1114 153 1150 nia
170 1135 219 1140 —
235 1113 357 1150 Porro
377 1119 463 1162 post
493 1116 657 1150 mortem
687 1112 874 1150 Friderici
896 1111 1020 1160 impe-

78 1166 219 1204 ratoris
240 1166 298 1213 II,
318 1177 416 1215 quae
438 1167 589 1212 accidit,
612 1167 670 1204 uti
690 1166 860 1203 diximus
876 1162 903 1211 ³,
924 1177 1024 1201 anno

81 1219 202 1265 1250,
223 1219 424 1258 Conradus
449 1219 550 1258 filius
575 1219 670 1264 eius,
700 1220 776 1256 iam
806 1232 828 1256 a
856 1219 903 1256 R.
926 1218 1043 1255 Pon-1

77 1272 180 1310 tifice
201 1275 356 1321 propter
375 1273 539 1310 crimina
559 1285 628 1311 sua
647 1272 1022 1317 excommunicatus,

80 1337 100 1363 e
127 1325 336 1364 Germania
363 1326 401 1362 in
430 1326 580 1364 Italiam
611 1327 739 1375 copias
768 1325 892 1371 duxit,
911 1326 1023 1374 Apu-

77 1378 171 1416 liam
195 1382 312 1428 atque
339 1379 512 1417 Siciliam
540 1380 717 1429 subegit,
747 1390 954 1427 omnesque
975 1379 1023 1416 R.

80 1431 258 1470 Pontifici
280 1433 427 1470 deditos
455 1434 666 1471 insectatus
686 1435 756 1471 est.
779 1433 1026 1470 Innocentius

80 1485 152 1534 Pp.
172 1485 227 1524 IV
248 1490 384 1524 contra
404 1498 491 1523 eum
520 1487 746 1536 imploravit
765 1497 873 1535 opem
896 1485 1024 1523 Fran·
1044 1517 1046 1532 ,

84 1550 240 1584 eorum,
268 1550 507 1589 regnumque
539 1539 694 1578 Siciliae
723 1540 865 1577 obtulit
890 1533 1047 1577 Carolo²

82 1592 377 1641 Andegavensi,
403 1592 516 1630 fratri
546 1605 574 1631 s.
605 1593 794 1631 Ludovici
824 1593 939 1641 regis3
961 1592 1027 1629 sed

85 1657 160 1694 quo
184 1646 311 1684 minus
325 1646 429 1683 istud
446 1647 646 1695 negotium
661 1646 891 1692 efficeretur,
907 1646 1029 1683 obsta·
1045 1649 1049 1680 1

84 1699 151 1735 bat
171 1698 285 1747 regis,
301 1702 395 1736 tunc
415 1699 452 1736 in
470 1699 629 1737 Oriente
659 1700 822 1749 agentis,
843 1698 1027 1737 absentia.

85 1751 261 1789 Conrado
275 1764 336 1790 an.
356 1752 456 1790 1254
471 1753 676 1799 exstincto,
692 1764 853 1802 regnum
875 1752 1029 1789 Siciliae
1048 1776 1050 1803 λ

86 1805 291 1854 occupavit
319 1805 565 1851 Manfredus,
585 1806 692 1844 filius
722 1807 862 1844 nothus
890 1805 1050 1843 Fride-¹

85 1858 156 1895 rici
176 1858 224 1895 ΙΙ.
247 1858 343 1896 Cum
360 1871 404 1896 eo
419 1860 663 1897 concordiam
684 1860 852 1897 tentavit
867 1859 1031 1896 Alexan-

87 1912 156 1948 der
175 1912 244 1960 Pp.
265 1912 333 1959 1V;
348 1913 415 1950 sed
435 1912 663 1951 Manfredus
678 1924 812 1950 omnes
829 1911 1031 1950 Pontificis

86 1965 364 2014 propositiones
381 1965 527 2012 reiecit,
546 1966 705 2004 Mauros
720 1966 757 2003 in
775 1965 948 2003 exercitu
964 1976 1032 2002 suo
1050 1990 1052 1995 ι

87 2017 278 2066 stipendia
307 2022 510 2064 merentes,
537 2019 576 2056 in
608 2022 732 2057 terras
760 2020 807 2057 R.
838 2018 1032 2056 Ecclesiae

87 2070 259 2118 immisit,
279 2071 430 2120 aliaque
450 2073 584 2121 iniqua
604 2072 855 2122 perpetravit,
874 2074 1034 2121 propter

89 2135 188 2173 quae
208 2124 348 2162 merito
376 2126 424 2162 ab
453 2126 676 2164 Alexandro
706 2126 761 2164 IV
782 2127 1032 2164 anathemate

89 2177 163 2215 fuit
182 2177 393 2226 perculsus.
410 2179 592 2217 Urbanus
609 2180 663 2218 IV
676 2209 685 2226 ,
705 2179 920 2217 Alexandri
940 2191 1032 2217 suc-

91 2242 237 2277 cessor,
254 2242 314 2269 an.
338 2232 438 2270 1263
459 2243 596 2270 rursus
616 2245 779 2282 regnum
800 2233 953 2270 Siciliae
975 2233 1034 2269 ob·
1052 2235 1055 2257 ἵ

91 2283 183 2320 tulit
201 2283 337 2322 Carolo
365 2285 638 2335 Andegavensi
652 2316 661 2332 ,
681 2286 746 2335 qui
774 2298 863 2323 cum
883 2285 1034 2335 copioso

93 2335 332 2374 Francorum
359 2340 535 2377 exercitu
563 2339 603 2376 in
641 2340 796 2377 Italiam
825 2339 1035 2388 profectus,

94 2392 133 2427 et
152 2400 214 2428 an.
236 2390 335 2428 1266
363 2391 508 2430 Romae
527 2404 550 2430 a
571 2393 768 2431 Clemente
798 2393 866 2442 Pp.
889 2393 942 2430 IV
964 2404 1035 2429 rex

95 2446 302 2481 coronatus
339 2447 399 2482 est
417 2467 466 2472 —
485 2458 572 2484 cum
601 2447 818 2484 conditione
849 2446 1037 2495 pendendi

95 2496 301 2544 quotannis
320 2499 404 2535 octo
424 2498 548 2537 millia
573 2500 775 2538 unciarum
795 2500 882 2538 auri
903 2500 964 2537 die
980 2498 1036 2536 fe-

139 2577 149 2599 ¹
168 2578 317 2618 Raynald.
335 2578 373 2608 ad
390 2586 438 2610 an.
456 2578 600 2612 1¹25t-61.

137 2617 152 2639 ²
167 2619 308 2651 Bullarii
321 2623 339 2650 t.
358 2619 520 2656 I,Cons1it.
539 2623 574 2659 4;
597 2627 626 2654 et
649 2624 729 2663 apud
752 2624 901 2665 Ray-naid.
925 2625 963 2655 ad
987 2634 1034 2656 an.

99 2659 223 2702 1255,ss
245 2662 292 2692 ⁶27.
311 2662 340 2692 S.
358 2662 583 2701 Bonaventura,
605 2665 635 2695 in
660 2665 805 2705 Leyenda
828 2667 858 2698 S.
877 2667 1034 2697 Francisci

99 2711 124 2732 c.
143 2702 190 2740 13,
209 2708 226 2732 ι.
246 2703 294 2733 Vll
310 2701 414 2743 θρα,
432 2703 507 2734 haec
524 2705 631 2736 habet:
649 2704 804 2739 Summus
820 2707 975 2746 Pontifex
992 2708 1035 2739 A·

99 2743 256 2789 Ierander
271 2752 344 2775 cnm
359 2743 479 2784 populo
494 2745 698 2784 praedicaret
713 2756 822 2779 coram
834 2749 947 2780 multis
962 2749 1036 2789 sra-

102 2784 212 2821 mbus,
229 2787 326 2816 elme
345 2785 421 2826 ipso,
435 2784 621 2825 affirmavit,
645 2797 676 2819 se
699 2788 774 2820 dum
798 2789 935 2822 Sanctus
952 2791 1037 2822 vive-

100 2827 150 2857 ret
162 2827 317 2867 stigmata
334 2826 392 2858 illa
408 2835 504 2858 sacra
520 2828 587 2859 suis
600 2829 701 2861 oculis
717 2832 969 2871 conspexisse-
979 2834 1036 2863 Pa-

101 2868 182 2907 gius‚
209 2870 238 2898 in
263 2867 331 2900 Visa
356 2868 446 2898 huius
476 2870 640 2907 Pontificis,
663 2870 678 2912 Ξ
704 2871 758 2909 12,
784 2873 901 2904 subdit:
918 2873 1037 2905 Eadem

102 2910 254 2948 stiymata
277 2912 352 2941 ante
367 2909 589 2941 Alexandrum
606 2910 645 2942 Il‘
672 2912 737 2943 iam
759 2915 1038 2946 commendaverat

105 2948 279 2991 Greyorizcs
295 2951 338 2983 IX
352 2960 437 2982 anno
457 2949 554 2988 1937,
581 2951 667 2992 apud
686 2953 897 2994 Warmtuyum
921 2955 1036 2987 ibidem

103 2999 133 3021 n.
154 2991 170 3023 1
187 2995 217 3023 el
231 3001 302 3033 seq..
319 2995 349 3023 el
363 2995 473 3033 postea
490 2992 641 3025 Nicotaus
657 2993 704 3025 Ill
715 2995 825 3026 literas
839 2995 986 3037 Gregorii
999 2997 1038 3030 ΙΧ

103 3033 318 3072 confirmavit,
342 3038 378 3064 ut
400 3033 505 3065 videre
527 3037 572 3066 est
595 3035 681 3073 apud
703 3035 838 3067 eundem
856 3037 889 3067 in
906 3037 1036 3078 Reyeslo

103 3072 144 3104 ad
160 3076 179 3105 l.
197 3074 233 3105 ΙΙ.
250 3075 361 3106 Postea
378 3075 566 3107 Benedictus
581 3075 624 3108 XI
638 3076 825 3108 eorumdem
841 3077 1037 3118 Stiqmatum

104 3113 222 3160 festum
237 3115 403 3157 celebrari,
428 3116 578 3157 Officium
601 3126 677 3150 vero
700 3119 798 3151 etiarn
813 3119 934 3152 Paulus
955 3120 1038 3154 Vre—

105 3157 202 3188 cttart'
216 3158 381 3190 concessit.

146 3197 161 3219 3
176 3199 248 3240 Pag.
262 3198 311 3231 65.

1895 128 1948 167 69

1059 207 1119 242 sto
1139 217 1168 242 s.
1192 205 1314 251 Petri,
1335 215 1476 253 equum
1497 204 1589 242 item
1611 202 1687 242 albi
1708 203 1857 251 coloris,
1877 206 1916 243 et
1935 216 2000 242 re-

1061 258 1202 295 deundi
1226 259 1404 307 Regnum
1426 258 1472 295 ad
1498 258 1636 296 Sedem
1656 257 1914 307 Apostolicam
1935 258 2002 295 de-

1059 311 1213 349 ficiente
1243 312 1363 360 stirpe
1391 309 1564 349 Caroli.¹.
1583 332 1630 339 -
1647 311 1720 349 Hic
1747 311 1882 349 eodem
1903 323 2003 348 anno

1061 364 1307 402 Mant'redum
1337 364 1374 400 in
1413 364 1558 413 campis
1590 364 1875 402 Beneventanis
1909 363 2004 401 vicit

1062 417 1288 465 ceciditque,
1312 420 1351 454 et
1372 420 1538 465 utraque
1562 418 1694 455 Sicilia
1710 417 1878 467 potitus,
1897 417 2005 467 regni

1063 471 1192 508 sedem
1214 470 1417 508 constituit
1435 470 1609 520 Neapoli.
1630 471 1852 509 Eccelinum
1879 471 2004 509 virum

1062 526 1255 568 atrocem,
1285 526 1324 560 et
1352 524 1406 560 sic
1437 524 1679 562 immanitate
1709 524 1934 570 efferatum,
1964 526 2006 561 ut

1062 576 1250 613 daemone
1268 576 1421 624 genitus
1441 577 1634 614 diceretur
1650 576 1676 622 ²,
1693 577 1783 615 olim
1799 590 1822 615 a
1837 577 2006 615 Frideri-

1063 641 1106 666 co
1126 629 1161 666 II
1182 629 1319 666 ducem
1342 630 1599 667 constitutum
1616 630 1652 667 in
1665 630 1949 680 Longobardia,
1963 632 2009 668 A·

1063 681 1252 720 lexander
1273 682 1342 730 Pp.
1358 682 1411 719 IV
1423 682 1589 730 perculit
1600 683 1863 729 anathemate,
1877 683 2010 721 armis·

1062 747 1137 784 que
1158 736 1550 784 Cruceszjqnatorum
1567 738 1820 785 compescuit,
1840 749 1886 775 ac
1905 736 2010 775 Man·

1063 792 1153 826 tuae
1174 789 1406 826 obsidendae
1428 789 1574 826 intento
1594 790 1798 827 Patavium
1821 790 1964 839 cripuit
1983 787 2009 828 ³.

1117 841 1159 878 In
1183 842 1394 879 Germania
1415 853 1544 879 rerum
1561 845 1687 880 status
1703 843 1854 881 tristem
1875 843 1913 880 in
1930 854 2008 880 mo-

1063 895 1153 932 dum
1173 897 1258 932 erat
1273 895 1536 944 perturbatus.
1550 895 1784 934 Guilielmus
1800 908 1859 934 an.
1876 896 1976 933 1247
1989 908 2011 933 a

1065 947 1256 997 plerisque
1270 948 1510 997 principibus
1525 948 1736 997 imperator
1747 949 1922 996 electus⁴,
1935 961 2008 986 non

1064 1001 1133 1039 nisi
1152 1002 1369 1050 aegerrime
1387 1001 1576 1039 factiones
1593 1003 1845 1051 compescuit,
1863 1014 2008 1051 quum-

1063 1067 1136 1103 que
1157 1067 1217 1092 an.
1241 1055 1342 1093 1256
1362 1056 1399 1092 in
1416 1055 1515 1092 bello
1532 1060 1667 1093 contra
1682 1056 1847 1093 rebelles
1862 1056 2010 1093 Frisios

1064 1109 1318 1153 occubuisset,
1339 1111 1493 1146 secutae
1514 1111 1604 1146 sunt
1633 1110 1888 1147 dissensiones
1909 1109 2011 1147 inter

1064 1161 1255 1210 principes
1287 1162 1503 1200 Germanos
1536 1163 1576 1199 in
1606 1162 1782 1211 eligendo
1810 1174 2010 1200 successo-

1063 1227 1127 1252 re:
1158 1215 1223 1252 alii
1242 1215 1483 1252 Richardum
1512 1215 1690 1253 comitem
1721 1215 1938 1254 Cornubiae
1973 1218 2013 1253 et

1065 1268 1167 1317 regis
1196 1268 1358 1317 Angliae
1384 1268 1563 1315 fratrem,
1593 1269 1658 1306 alii
1679 1269 1919 1318 Alphonsum
1946 1280 2010 1306 re-

1065 1333 1151 1370 gem
1177 1321 1366 1359 Castellae
1386 1322 1592 1371 elegerunt
1607 1322 1633 1360 ⁵.
1654 1323 1821 1372 Propter
1841 1324 1910 1360 has
1931 1322 2013 1360 dis-

1065 1374 1260 1412 sensiones
1289 1378 1328 1413 et
1347 1375 1636 1422 contentiones,
1659 1388 1753 1424 quas
1775 1377 1861 1414 RR.
1885 1376 2015 1413 Ponti-

1066 1428 1177 1475 fices,
1202 1429 1424 1466 Alexander
1455 1429 1531 1474 IV,
1565 1428 1740 1466 Urbanus
1770 1430 1825 1467 IV
1855 1433 1892 1467 et
1926 1428 2014 1467 Cle-

1066 1493 1175 1519 mens
1195 1481 1269 1528 IV,
1286 1481 1433 1520 frustra
1452 1494 1681 1531 componere
1702 1483 1940 1529 conatisunt‚
1957 1483 2017 1520 in-

1067 1538 1295 1583 terregnum
1323 1534 1361 1572 in
1392 1536 1602 1573 Germania
1630 1536 1788 1573 duravit
1816 1548 1937 1585 usque
1968 1536 2016 1573 ad

1070 1600 1129 1625 an.
1153 1588 1266 1626 1273.
1287 1588 1499 1638 Disciplina
1529 1600 1621 1626 vero
1649 1589 1917 1627 ecclesiastica
1935 1592 2017 1627 tum

1069 1642 1109 1678 in
1129 1641 1232 1678 clero
1252 1644 1334 1678 tum
1354 1642 1394 1678 in
1414 1641 1552 1691 populo
1573 1642 1806 1680 Germaniae
1829 1646 1915 1680 erat
1935 1642 2017 1680 col-

1069 1695 1188 1744 lapsa,
1206 1695 1244 1732 in
1265 1695 1368 1732 clero
1387 1696 1559 1742 scientia,
1582 1695 1713 1734 fervor
1728 1699 1767 1734 et
1785 1707 1938 1734 morum
1959 1708 2021 1734 ca-

1070 1747 1265 1794 stimonia,
1285 1749 1324 1785 in
1341 1749 1533 1787 coenobiis
1547 1749 1697 1787 sincera
1713 1749 1836 1798 pietas
1852 1753 1891 1787 et
1908 1761 2020 1799 regu-

1048 1820 1051 1850 ς
1072 1801 1164 1839 laris
1179 1802 1425 1840 observantia
1440 1803 1775 1841 desiderabantur.
1787 1804 1842 1840 De
1857 1803 1917 1841 his
1933 1815 2018 1841 ma-

1071 1854 1141 1900 lis,
1169 1855 1397 1903 praesertim
1426 1856 1472 1893 de
1502 1856 1656 1905 publica
1685 1855 1909 1894 clericorum
1932 1868 2018 1894 cum

1050 1943 1052 1962 ὲ
1074 1908 1302 1946 mulieribus
1331 1909 1630 1956 cohabitatione,
1651 1910 1698 1947 de
1717 1910 1929 1958 incongruo
1949 1922 2017 1947 eo-

1073 1973 1160 1998 rum
1180 1961 1331 2008 habitu,
1352 1962 1455 2011 turpi
1486 1962 1752 2012 negotiatione
1773 1967 1813 2001 et
1831 1963 2018 2012 ignoran-

1073 2015 1129 2052 tia
1143 2044 1151 2060 ‚
1171 2015 1346 2063 graviter
1365 2018 1522 2064 questus
1550 2020 1609 2054 est
1634 2016 1835 2055 Conradus
1869 2016 2020 2055 archie-

1075 2068 1251 2117 piscopus
1281 2068 1518 2107 Coloniensis
1547 2070 1584 2106 in
1614 2071 1760 2119 synodo
1777 2070 2021 2119 provinciali,

1076 2134 1135 2159 an.
1161 2121 1260 2159 1260
1279 2122 1432 2170 habita,
1450 2123 1490 2159 in
1509 2135 1587 2171 qua
1601 2124 1649 2161 ad
1665 2124 1912 2172 corrigendos
1931 2125 2022 2161 abu-

1075 2187 1138 2212 sus
1162 2175 1209 2211 14
1230 2175 1418 2224 capitula,
1439 2180 1478 2214 et
1498 2188 1567 2225 pro
1587 2176 1864 2214 reformatione
1885 2189 2021 2215 mona-

1076 2228 1235 2265 chorum
1250 2228 1301 2266 28
1317 2232 1465 2268 statuta
1480 2230 1600 2268 edidit
1612 2229 1638 2268 ⁶.
1657 2230 1700 2267 In
1711 2231 1889 2267 eumdem
1905 2229 2022 2268 finem

1077 2281 1202 2319 Guido
1223 2283 1425 2331 presbyter
1445 2283 1665 2330 cardinalis,
1687 2284 1930 2332 Apostolicae
1949 2283 2022 2320 Se-

1077 2334 1136 2372 dis
1164 2335 1341 2384 legatus,
1370 2348 1430 2374 an.
1463 2337 1563 2374 1267
1591 2338 1782 2387 synodum
1810 2336 2024 2374 celebravit

1078 2388 1252 2425 Viennae
1271 2389 1309 2425 in
1330 2389 1503 2436 Austria,
1523 2390 1561 2427 in
1582 2403 1661 2439 qua
1682 2391 1729 2428 19
1748 2389 1920 2438 capitula
1941 2401 2025 2438 pro-

1078 2441 1253 2490 mulgata
1267 2446 1357 2480 sunt
1371 2443 1418 2480 de
1439 2443 1534 2490 vita,
1553 2444 1734 2482 castitate
1750 2448 1789 2480 et
1809 2443 2022 2479 correctio-

1078 2507 1125 2532 ne
1159 2495 1407 2542 clericorum,
1438 2497 1484 2534 de
1509 2497 1730 2535 visitatione
1759 2496 2024 2542 ecclesiarum,

1080 2548 1126 2585 de
1148 2548 1372 2596 pluralitate
1402 2550 1702 2597 beneficiorum,
1723 2551 1769 2587 de
1789 2549 1873 2586 aliis
1887 2546 1913 2586 ⁷.
1934 2548 2023 2586 Ma-

1077 2612 1192 2650 gnam
1215 2613 1366 2651 quoque
1395 2614 1552 2652 operam
1580 2602 1834 2641 reformandis
1854 2602 2024 2640 moribus

1078 2659 1117 2692 et
1136 2655 1400 2693 restituendae
1431 2656 1563 2705 pietati
1590 2657 1785 2694 navabant
1814 2655 1865 2704 pii
1885 2666 2022 2692 mona-

1077 2707 1137 2745 chi
1156 2708 1407 2746 Franciscani
1427 2711 1466 2747 et
1485 2709 1727 2746 Dominicani
1741 2738 1750 2754 ‚
1770 2720 1838 2757 per
1859 2708 2023 2746 Germa-

1079 2761 1181 2798 niam
1204 2762 1425 2811 vicinasque
1444 2763 1623 2810 regiones
1642 2761 1785 2799 diffusi.

1130 2814 1361 2853 Eorumdem
1381 2815 1650 2864 religiosorum
1676 2814 1917 2852 sermonibus
1942 2814 2023 2852 Cu-

1118 2917 1127 2938 ¹
1146 2918 1295 2957 Rayuald.
1312 2917 1350 2947 ad
1368 2926 1416 2948 an.
1438 2916 1523 2954 1267,
1541 2916 1556 2956 Ξ
1573 2915 1600 2953 43
1619 2916 1776 2954 Spondan.
1793 2916 1808 2958 Ξ
1824 2917 1854 2948 8.

1116 2957 1131 2978 ‘2
1147 2960 1262 2995 Corffls,
1284 2959 1372 2990 Hisc.
1395 2957 1520 2990 Mediol.
1537 2961 1615 2997 part.
1632 2958 1661 2994 ⁵2,
1679 2958 1717 2988 ad
1733 2968 1780 2989 an.
1800 2958 1893 2989 1207.

1118 2999 1295 3062 intimam.
1313 3001 1350 3029 ad
1368 3008 1416 3029 an.
1434 2998 1524 3038 1256,
1540 3003 1556 3032 ἓ
1575 3000 1605 3037 5,
1620 2998 1669 3037 38,
1686 2999 1737 3038 47;
1754 2999 1869 3039 Spond.
1888 3003 1906 3034 ἐ
1921 2997 1950 3038 4,
1967 2997 1996 3029 6.

1150 3042 1212 3072 vm.
1231 3051 1259 3079 ρ.
1275 3041 1324 3071 65.

1119 3082 1133 3103 5
1149 3083 1269 3121 Imperii
1287 3081 1478 3112 Electoribus
1495 3080 1728 3113 denuntiaverat
1744 3081 1917 3113 Alexander
1944 3089 2019 3112 ana-

1081 3124 1182 3154 [hema
1199 3124 1223 3153 si
1241 3123 1446 3153 Conradinum
1462 3122 1614 3164 eligerent
1635 3123 1728 3155 silium
1744 3123 1795 3155 filii
1810 3123 1960 3154 Friderici
1978 3123 2021 3161 113

1080 3163 1229 3204 liaynald.
1247 3164 1304 3194 loc.
1320 3165 1370 3194 cit.

1121 3207 1136 3229 0
1154 3205 1264 3245 nabbe,
1284 3201 1406 3238 Co'ncil.
1423 3209 1443 3238 t.
1460 3205 1513 3244 xl,
1530 3215 1560 3247 p.
1574 3205 1644 3240 783.
1657 3224 1696 3229 —
1711 3207 1725 3230 ⁷
1742 3206 1814 3239 ibid.
1831 3216 1861 3248 p.
1875 3204 1943 3238 858.
