<?xml version="1.0" encoding="UTF-8"?>
<!DOCTYPE html PUBLIC "-//W3C//DTD XHTML 1.0 Transitional//EN"
    "http://www.w3.org/TR/xhtml1/DTD/xhtml1-transitional.dtd">
<html xmlns="http://www.w3.org/1999/xhtml" xml:lang="en" lang="en">
 <head>
  <title>
</title>
<meta http-equiv="Content-Type" content="text/html;charset=utf-8" />
  <meta name='ocr-system' content='tesseract 3.04.00' />
  <meta name='ocr-capabilities' content='ocr_page ocr_carea ocr_par ocr_line ocrx_word'/>
</head>
<body>
  <div class='ocr_page' id='page_1' title='image "./historiaeecclesi01wout_0480.png"; bbox 0 0 2241 3473; ppageno 0'>
   <div class='ocr_carea' id='block_1_1' title="bbox 282 123 356 162">
    <p class='ocr_par' dir='ltr' id='par_1_1' title="bbox 282 123 356 162">
     <span class='ocr_line' id='line_1_1' title="bbox 282 123 356 162; baseline 0 -1"><span class='ocrx_word' id='word_1_1' title='bbox 282 123 356 162; x_wconf 85' lang='lat'>158</span> 
     </span>
    </p>
   </div>
   <div class='ocr_carea' id='block_1_2' title="bbox 217 198 1166 3076">
    <p class='ocr_par' dir='ltr' id='par_1_2' title="bbox 220 198 1160 1035">
     <span class='ocr_line' id='line_1_2' title="bbox 227 198 1158 249; baseline -0.01 -10"><span class='ocrx_word' id='word_1_2' title='bbox 227 202 338 239; x_wconf 87' lang='lat' dir='ltr'>Anno</span> <span class='ocrx_word' id='word_1_3' title='bbox 353 201 526 249; x_wconf 78' lang='lat' dir='ltr'>sequenti</span> <span class='ocrx_word' id='word_1_4' title='bbox 542 199 735 248; x_wconf 87' lang='lat' dir='ltr'>Capucini‚</span> <span class='ocrx_word' id='word_1_5' title='bbox 746 198 820 235; x_wconf 91' lang='lat' dir='ltr'>iam</span> <span class='ocrx_word' id='word_1_6' title='bbox 838 207 978 243; x_wconf 82' lang='lat' dir='ltr'>magno</span> <span class='ocrx_word' id='word_1_7' title='bbox 994 205 1158 231; x_wconf 88' lang='lat' dir='ltr'>numero</span> 
     </span>
     <span class='ocr_line' id='line_1_3' title="bbox 228 247 1158 301; baseline -0.009 -10"><span class='ocrx_word' id='word_1_8' title='bbox 228 255 346 299; x_wconf 86' lang='lat' dir='ltr'>aucti,</span> <span class='ocrx_word' id='word_1_9' title='bbox 361 255 398 290; x_wconf 91' lang='lat' dir='ltr'>in</span> <span class='ocrx_word' id='word_1_10' title='bbox 420 253 594 301; x_wconf 88' lang='lat' dir='ltr'>Capitulo</span> <span class='ocrx_word' id='word_1_11' title='bbox 614 252 861 289; x_wconf 86' lang='lat' dir='ltr'>Matthaeum</span> <span class='ocrx_word' id='word_1_12' title='bbox 881 247 1070 285; x_wconf 89' lang='lat' dir='ltr'>vicarium</span> <span class='ocrx_word' id='word_1_13' title='bbox 1089 259 1158 296; x_wconf 88' lang='lat' dir='ltr'>ge-</span> 
     </span>
     <span class='ocr_line' id='line_1_4' title="bbox 228 301 1157 352; baseline -0.009 -8"><span class='ocrx_word' id='word_1_14' title='bbox 228 307 411 351; x_wconf 88' lang='lat' dir='ltr'>neralem,</span> <span class='ocrx_word' id='word_1_15' title='bbox 440 306 616 343; x_wconf 90' lang='lat' dir='ltr'>ministro</span> <span class='ocrx_word' id='word_1_16' title='bbox 642 303 815 352; x_wconf 85' lang='lat' dir='ltr'>generali</span> <span class='ocrx_word' id='word_1_17' title='bbox 835 301 1157 340; x_wconf 87' lang='lat' dir='ltr'>Conventualium</span> 
     </span>
     <span class='ocr_line' id='line_1_5' title="bbox 225 353 1158 406; baseline -0.009 -9"><span class='ocrx_word' id='word_1_18' title='bbox 225 361 453 404; x_wconf 87' lang='lat' dir='ltr'>subiectum,</span> <span class='ocrx_word' id='word_1_19' title='bbox 473 358 688 406; x_wconf 87' lang='lat' dir='ltr'>elegerunt,</span> <span class='ocrx_word' id='word_1_20' title='bbox 706 359 745 394; x_wconf 87' lang='lat' dir='ltr'>et</span> <span class='ocrx_word' id='word_1_21' title='bbox 760 357 907 394; x_wconf 86' lang='lat' dir='ltr'>statuta</span> <span class='ocrx_word' id='word_1_22' title='bbox 928 367 993 402; x_wconf 87' lang='lat' dir='ltr'>pro</span> <span class='ocrx_word' id='word_1_23' title='bbox 1014 353 1158 390; x_wconf 85' lang='lat' dir='ltr'>Ordine</span> 
     </span>
     <span class='ocr_line' id='line_1_6' title="bbox 225 406 1159 451; baseline -0.007 -1"><span class='ocrx_word' id='word_1_24' title='bbox 225 426 294 450; x_wconf 93' lang='lat' dir='ltr'>suo</span> <span class='ocrx_word' id='word_1_25' title='bbox 305 411 675 449; x_wconf 86' lang='lat' dir='ltr'>condiderunt.Ord0</span> <span class='ocrx_word' id='word_1_26' title='bbox 692 406 1159 451; x_wconf 76' lang='lat' dir='ltr'>ann.l529Romae,1530</span> 
     </span>
     <span class='ocr_line' id='line_1_7' title="bbox 225 459 1158 514; baseline -0.008 -11"><span class='ocrx_word' id='word_1_27' title='bbox 225 465 400 514; x_wconf 79' lang='lat' dir='ltr'>Neapoli,</span> <span class='ocrx_word' id='word_1_28' title='bbox 441 465 539 502; x_wconf 81' lang='lat'>1573</span> <span class='ocrx_word' id='word_1_29' title='bbox 571 464 609 500; x_wconf 92' lang='lat' dir='ltr'>in</span> <span class='ocrx_word' id='word_1_30' title='bbox 644 463 785 508; x_wconf 88' lang='lat' dir='ltr'>Gallia,</span> <span class='ocrx_word' id='word_1_31' title='bbox 817 462 917 499; x_wconf 79' lang='lat'>1575</span> <span class='ocrx_word' id='word_1_32' title='bbox 950 461 989 497; x_wconf 90' lang='lat' dir='ltr'>in</span> <span class='ocrx_word' id='word_1_33' title='bbox 1023 459 1158 506; x_wconf 87' lang='lat' dir='ltr'>Hispa-</span> 
     </span>
     <span class='ocr_line' id='line_1_8' title="bbox 227 513 1156 563; baseline -0.006 -8"><span class='ocrx_word' id='word_1_34' title='bbox 227 519 310 563; x_wconf 90' lang='lat' dir='ltr'>nia,</span> <span class='ocrx_word' id='word_1_35' title='bbox 351 518 446 556; x_wconf 83' lang='grc'><strong>1581</strong></span> <span class='ocrx_word' id='word_1_36' title='bbox 488 517 526 553; x_wconf 91' lang='lat' dir='ltr'>in</span> <span class='ocrx_word' id='word_1_37' title='bbox 565 516 774 554; x_wconf 77' lang='lat' dir='ltr'>Germania</span> <span class='ocrx_word' id='word_1_38' title='bbox 790 546 799 561; x_wconf 92' lang='lat'>‚</span> <span class='ocrx_word' id='word_1_39' title='bbox 827 515 966 552; x_wconf 90' lang='lat' dir='ltr'>deinde</span> <span class='ocrx_word' id='word_1_40' title='bbox 999 513 1038 550; x_wconf 88' lang='lat' dir='ltr'>in</span> <span class='ocrx_word' id='word_1_41' title='bbox 1073 513 1156 550; x_wconf 86' lang='lat' dir='ltr'>aliis</span> 
     </span>
     <span class='ocr_line' id='line_1_9' title="bbox 224 570 1156 618; baseline -0.006 -10"><span class='ocrx_word' id='word_1_42' title='bbox 224 572 340 608; x_wconf 88' lang='lat' dir='ltr'>terris</span> <span class='ocrx_word' id='word_1_43' title='bbox 365 570 564 607; x_wconf 76' lang='lat' dir='ltr'>catholicis</span> <span class='ocrx_word' id='word_1_44' title='bbox 594 570 802 618; x_wconf 89' lang='lat' dir='ltr'>plurimum</span> <span class='ocrx_word' id='word_1_45' title='bbox 831 570 1067 616; x_wconf 79' lang='lat' dir='ltr'>propagatus</span> <span class='ocrx_word' id='word_1_46' title='bbox 1087 570 1156 603; x_wconf 78' lang='lat' dir='ltr'>est.</span> 
     </span>
     <span class='ocr_line' id='line_1_10' title="bbox 224 621 1157 673; baseline -0.005 -12"><span class='ocrx_word' id='word_1_47' title='bbox 224 625 437 673; x_wconf 88' lang='lat' dir='ltr'>Progressu</span> <span class='ocrx_word' id='word_1_48' title='bbox 460 623 643 672; x_wconf 87' lang='lat' dir='ltr'>temporis</span> <span class='ocrx_word' id='word_1_49' title='bbox 664 624 787 660; x_wconf 86' lang='lat' dir='ltr'>vitam</span> <span class='ocrx_word' id='word_1_50' title='bbox 809 621 1049 659; x_wconf 81' lang='lat' dir='ltr'>eremiticam</span> <span class='ocrx_word' id='word_1_51' title='bbox 1071 632 1157 657; x_wconf 92' lang='lat' dir='ltr'>cum</span> 
     </span>
     <span class='ocr_line' id='line_1_11' title="bbox 225 674 1159 721; baseline -0.004 -7"><span class='ocrx_word' id='word_1_52' title='bbox 225 677 438 715; x_wconf 85' lang='lat' dir='ltr'>monastica</span> <span class='ocrx_word' id='word_1_53' title='bbox 466 678 782 721; x_wconf 87' lang='lat' dir='ltr'>commutarunt,</span> <span class='ocrx_word' id='word_1_54' title='bbox 808 678 848 712; x_wconf 89' lang='lat' dir='ltr'>et</span> <span class='ocrx_word' id='word_1_55' title='bbox 876 687 975 712; x_wconf 90' lang='lat' dir='ltr'>anno</span> <span class='ocrx_word' id='word_1_56' title='bbox 1006 674 1108 711; x_wconf 85' lang='grc'><strong>1619</strong></span> <span class='ocrx_word' id='word_1_57' title='bbox 1136 685 1159 710; x_wconf 92' lang='lat' dir='ltr'>a</span> 
     </span>
     <span class='ocr_line' id='line_1_12' title="bbox 226 727 1160 779; baseline -0.005 -11"><span class='ocrx_word' id='word_1_58' title='bbox 226 731 348 768; x_wconf 86' lang='lat' dir='ltr'>Paulo</span> <span class='ocrx_word' id='word_1_59' title='bbox 369 731 439 779; x_wconf 86' lang='lat' dir='ltr'>Pp.</span> <span class='ocrx_word' id='word_1_60' title='bbox 460 730 497 767; x_wconf 90' lang='lat' dir='ltr'>V</span> <span class='ocrx_word' id='word_1_61' title='bbox 517 730 746 767; x_wconf 69' lang='lat' dir='ltr'>facultatem</span> <span class='ocrx_word' id='word_1_62' title='bbox 767 729 1001 776; x_wconf 86' lang='lat' dir='ltr'>acceperunt</span> <span class='ocrx_word' id='word_1_63' title='bbox 1020 727 1160 775; x_wconf 87' lang='lat' dir='ltr'>eligen-</span> 
     </span>
     <span class='ocr_line' id='line_1_13' title="bbox 223 779 1156 832; baseline -0.005 -11"><span class='ocrx_word' id='word_1_64' title='bbox 223 785 259 820; x_wconf 91' lang='lat' dir='ltr'>di</span> <span class='ocrx_word' id='word_1_65' title='bbox 290 784 361 821; x_wconf 89' lang='lat' dir='ltr'>sibi</span> <span class='ocrx_word' id='word_1_66' title='bbox 390 783 588 832; x_wconf 89' lang='lat' dir='ltr'>proprium</span> <span class='ocrx_word' id='word_1_67' title='bbox 616 787 656 820; x_wconf 90' lang='lat' dir='ltr'>et</span> <span class='ocrx_word' id='word_1_68' title='bbox 683 783 1007 831; x_wconf 89' lang='lat' dir='ltr'>independentem</span> <span class='ocrx_word' id='word_1_69' title='bbox 1035 779 1156 818; x_wconf 90' lang='lat' dir='ltr'>Mini-</span> 
     </span>
     <span class='ocr_line' id='line_1_14' title="bbox 221 833 1157 883; baseline -0.004 -9"><span class='ocrx_word' id='word_1_70' title='bbox 221 840 345 874; x_wconf 89' lang='lat' dir='ltr'>strum</span> <span class='ocrx_word' id='word_1_71' title='bbox 375 837 600 882; x_wconf 72' lang='lat' dir='ltr'>generalem</span> <span class='ocrx_word' id='word_1_72' title='bbox 624 836 648 874; x_wconf 90' lang='lat'>¹.</span> <span class='ocrx_word' id='word_1_73' title='bbox 678 836 910 873; x_wconf 79' lang='lat' dir='ltr'>Benedictus</span> <span class='ocrx_word' id='word_1_74' title='bbox 948 835 1018 883; x_wconf 88' lang='lat' dir='ltr'>Pp.</span> <span class='ocrx_word' id='word_1_75' title='bbox 1048 833 1157 878; x_wconf 89' lang='lat' dir='ltr'>XIV,</span> 
     </span>
     <span class='ocr_line' id='line_1_15' title="bbox 220 887 1155 939; baseline -0.004 -12"><span class='ocrx_word' id='word_1_76' title='bbox 220 890 335 927; x_wconf 89' lang='lat' dir='ltr'>Bulla</span> <span class='ocrx_word' id='word_1_77' title='bbox 359 891 518 939; x_wconf 63' lang='lat' dir='ltr'>Relzyz&#39;o</span> <span class='ocrx_word' id='word_1_78' title='bbox 545 890 868 939; x_wconf 76' lang='lat' dir='ltr'>Capucz‘norum,</span> <span class='ocrx_word' id='word_1_79' title='bbox 897 887 971 924; x_wconf 84' lang='lat' dir='ltr'>V11⁰</span> <span class='ocrx_word' id='word_1_80' title='bbox 1007 887 1155 924; x_wconf 87' lang='lat' dir='ltr'>calend.</span> 
     </span>
     <span class='ocr_line' id='line_1_16' title="bbox 221 940 1160 994; baseline -0.004 -14"><span class='ocrx_word' id='word_1_81' title='bbox 221 944 328 992; x_wconf 85' lang='lat' dir='ltr'>april.</span> <span class='ocrx_word' id='word_1_82' title='bbox 352 944 453 982; x_wconf 83' lang='lat'>1733</span> <span class='ocrx_word' id='word_1_83' title='bbox 467 944 660 994; x_wconf 90' lang='lat' dir='ltr'>pulpitum</span> <span class='ocrx_word' id='word_1_84' title='bbox 670 942 934 992; x_wconf 88' lang='lat' dir='ltr'>Apostolicum</span> <span class='ocrx_word' id='word_1_85' title='bbox 949 941 1041 978; x_wconf 87' lang='lat' dir='ltr'>huic</span> <span class='ocrx_word' id='word_1_86' title='bbox 1053 940 1160 977; x_wconf 92' lang='lat' dir='ltr'>Ordi-</span> 
     </span>
     <span class='ocr_line' id='line_1_17' title="bbox 220 997 473 1035; baseline 0.004 -2"><span class='ocrx_word' id='word_1_87' title='bbox 220 997 256 1034; x_wconf 90' lang='lat' dir='ltr'>ni</span> <span class='ocrx_word' id='word_1_88' title='bbox 273 998 473 1035; x_wconf 80' lang='lat' dir='ltr'>concessit.</span> 
     </span>
    </p>

    <p class='ocr_par' dir='ltr' id='par_1_3' title="bbox 217 1048 1166 3076">
     <span class='ocr_line' id='line_1_18' title="bbox 270 1048 1157 1088; baseline -0.006 0"><span class='ocrx_word' id='word_1_89' title='bbox 270 1052 333 1088; x_wconf 79' lang='lat'>24.</span> <span class='ocrx_word' id='word_1_90' title='bbox 354 1051 385 1088; x_wconf 92' lang='lat' dir='ltr'>I.</span> <span class='ocrx_word' id='word_1_91' title='bbox 411 1051 612 1088; x_wconf 73' lang='lat' dir='ltr'>Calvinus</span> <span class='ocrx_word' id='word_1_92' title='bbox 631 1048 859 1087; x_wconf 87' lang='lat' dir='ltr'>—Interim</span> <span class='ocrx_word' id='word_1_93' title='bbox 880 1048 1157 1085; x_wconf 87' lang='lat' dir='ltr'>Sacramenta—</span> 
     </span>
     <span class='ocr_line' id='line_1_19' title="bbox 219 1100 1162 1152; baseline -0.003 -12"><span class='ocrx_word' id='word_1_94' title='bbox 219 1104 366 1141; x_wconf 88' lang='lat' dir='ltr'>riorum</span> <span class='ocrx_word' id='word_1_95' title='bbox 385 1104 581 1142; x_wconf 84' lang='lat' dir='ltr'>novitates</span> <span class='ocrx_word' id='word_1_96' title='bbox 597 1103 815 1152; x_wconf 82' lang='lat' dir='ltr'>religiosae,</span> <span class='ocrx_word' id='word_1_97' title='bbox 846 1114 868 1139; x_wconf 89' lang='lat' dir='ltr'>a</span> <span class='ocrx_word' id='word_1_98' title='bbox 903 1100 1094 1150; x_wconf 88' lang='lat' dir='ltr'>Zwinglio</span> <span class='ocrx_word' id='word_1_99' title='bbox 1123 1102 1162 1137; x_wconf 92' lang='lat' dir='ltr'>et</span> 
     </span>
     <span class='ocr_line' id='line_1_20' title="bbox 220 1152 1160 1206; baseline -0.004 -12"><span class='ocrx_word' id='word_1_100' title='bbox 220 1157 528 1206; x_wconf 88' lang='lat' dir='ltr'>OEcolampadio</span> <span class='ocrx_word' id='word_1_101' title='bbox 544 1169 611 1206; x_wconf 90' lang='lat' dir='ltr'>per</span> <span class='ocrx_word' id='word_1_102' title='bbox 631 1156 853 1194; x_wconf 88' lang='lat' dir='ltr'>Helvetiam</span> <span class='ocrx_word' id='word_1_103' title='bbox 875 1156 1111 1204; x_wconf 81' lang='lat' dir='ltr'>propagatae</span> <span class='ocrx_word' id='word_1_104' title='bbox 1131 1152 1160 1198; x_wconf 77' lang='lat'>²,</span> 
     </span>
     <span class='ocr_line' id='line_1_21' title="bbox 219 1209 1161 1259; baseline -0.004 -12"><span class='ocrx_word' id='word_1_105' title='bbox 219 1211 460 1249; x_wconf 90' lang='lat' dir='ltr'>incrementa</span> <span class='ocrx_word' id='word_1_106' title='bbox 472 1211 595 1248; x_wconf 82' lang='lat' dir='ltr'>multa</span> <span class='ocrx_word' id='word_1_107' title='bbox 607 1214 804 1259; x_wconf 86' lang='lat' dir='ltr'>ceperunt.</span> <span class='ocrx_word' id='word_1_108' title='bbox 815 1210 889 1246; x_wconf 84' lang='lat' dir='ltr'>Eas</span> <span class='ocrx_word' id='word_1_109' title='bbox 905 1209 1134 1245; x_wconf 88' lang='lat' dir='ltr'>Lausannae</span> <span class='ocrx_word' id='word_1_110' title='bbox 1152 1236 1161 1252; x_wconf 93' lang='lat'>,</span> 
     </span>
     <span class='ocr_line' id='line_1_22' title="bbox 219 1264 1160 1313; baseline -0.005 -11"><span class='ocrx_word' id='word_1_111' title='bbox 219 1267 258 1302; x_wconf 89' lang='lat' dir='ltr'>et</span> <span class='ocrx_word' id='word_1_112' title='bbox 273 1264 311 1301; x_wconf 91' lang='lat' dir='ltr'>in</span> <span class='ocrx_word' id='word_1_113' title='bbox 324 1267 404 1302; x_wconf 91' lang='lat' dir='ltr'>toto</span> <span class='ocrx_word' id='word_1_114' title='bbox 422 1265 558 1302; x_wconf 88' lang='lat' dir='ltr'>Vaudo</span> <span class='ocrx_word' id='word_1_115' title='bbox 571 1267 685 1313; x_wconf 86' lang='lat' dir='ltr'>atque</span> <span class='ocrx_word' id='word_1_116' title='bbox 697 1264 881 1301; x_wconf 86' lang='lat' dir='ltr'>Genevae</span> <span class='ocrx_word' id='word_1_117' title='bbox 896 1265 1160 1311; x_wconf 80' lang='lat' dir='ltr'>propagarunt</span> 
     </span>
     <span class='ocr_line' id='line_1_23' title="bbox 219 1314 1161 1356; baseline -0.004 -2"><span class='ocrx_word' id='word_1_118' title='bbox 219 1317 448 1355; x_wconf 89' lang='lat' dir='ltr'>Guilielmus</span> <span class='ocrx_word' id='word_1_119' title='bbox 484 1318 601 1356; x_wconf 89' lang='lat' dir='ltr'>Farel</span> <span class='ocrx_word' id='word_1_120' title='bbox 643 1320 682 1355; x_wconf 91' lang='lat' dir='ltr'>et</span> <span class='ocrx_word' id='word_1_121' title='bbox 726 1317 867 1354; x_wconf 88' lang='lat' dir='ltr'>Petrus</span> <span class='ocrx_word' id='word_1_122' title='bbox 904 1315 1030 1353; x_wconf 82' lang='lat' dir='ltr'>Viret.</span> <span class='ocrx_word' id='word_1_123' title='bbox 1078 1314 1161 1351; x_wconf 88' lang='lat' dir='ltr'>Illic</span> 
     </span>
     <span class='ocr_line' id='line_1_24' title="bbox 220 1369 1161 1417; baseline -0.004 -9"><span class='ocrx_word' id='word_1_124' title='bbox 220 1371 340 1408; x_wconf 90' lang='lat' dir='ltr'>etiam</span> <span class='ocrx_word' id='word_1_125' title='bbox 373 1372 559 1409; x_wconf 88' lang='lat' dir='ltr'>ecclesiae</span> <span class='ocrx_word' id='word_1_126' title='bbox 581 1372 628 1408; x_wconf 92' lang='lat' dir='ltr'>ab</span> <span class='ocrx_word' id='word_1_127' title='bbox 647 1370 853 1409; x_wconf 83' lang='lat' dir='ltr'>haereticis</span> <span class='ocrx_word' id='word_1_128' title='bbox 873 1369 912 1405; x_wconf 93' lang='lat' dir='ltr'>vi</span> <span class='ocrx_word' id='word_1_129' title='bbox 933 1370 1161 1417; x_wconf 84' lang='lat' dir='ltr'>occupatae,</span> 
     </span>
     <span class='ocr_line' id='line_1_25' title="bbox 218 1421 1160 1474; baseline -0.004 -13"><span class='ocrx_word' id='word_1_130' title='bbox 218 1424 361 1462; x_wconf 88' lang='lat' dir='ltr'>altaria</span> <span class='ocrx_word' id='word_1_131' title='bbox 393 1425 564 1471; x_wconf 87' lang='lat' dir='ltr'>deiecta,</span> <span class='ocrx_word' id='word_1_132' title='bbox 596 1425 785 1474; x_wconf 82' lang='lat' dir='ltr'>imagines</span> <span class='ocrx_word' id='word_1_133' title='bbox 818 1422 1067 1466; x_wconf 85' lang='lat' dir='ltr'>confractae,</span> <span class='ocrx_word' id='word_1_134' title='bbox 1104 1421 1160 1458; x_wconf 91' lang='lat' dir='ltr'>ri-</span> 
     </span>
     <span class='ocr_line' id='line_1_26' title="bbox 218 1476 1161 1527; baseline -0.004 -12"><span class='ocrx_word' id='word_1_135' title='bbox 218 1479 281 1516; x_wconf 90' lang='lat' dir='ltr'>tus</span> <span class='ocrx_word' id='word_1_136' title='bbox 319 1478 499 1516; x_wconf 87' lang='lat' dir='ltr'>catholici</span> <span class='ocrx_word' id='word_1_137' title='bbox 546 1478 724 1527; x_wconf 89' lang='lat' dir='ltr'>abrogati</span> <span class='ocrx_word' id='word_1_138' title='bbox 763 1480 865 1515; x_wconf 88' lang='lat' dir='ltr'>sunt.</span> <span class='ocrx_word' id='word_1_139' title='bbox 904 1476 1000 1513; x_wconf 87' lang='lat' dir='ltr'>Post</span> <span class='ocrx_word' id='word_1_140' title='bbox 1041 1486 1161 1512; x_wconf 91' lang='lat' dir='ltr'>annos</span> 
     </span>
     <span class='ocr_line' id='line_1_27' title="bbox 217 1529 1160 1581; baseline -0.004 -12"><span class='ocrx_word' id='word_1_141' title='bbox 217 1544 360 1581; x_wconf 90' lang='lat' dir='ltr'>paucos</span> <span class='ocrx_word' id='word_1_142' title='bbox 375 1532 512 1570; x_wconf 89' lang='lat' dir='ltr'>civitas</span> <span class='ocrx_word' id='word_1_143' title='bbox 523 1532 684 1569; x_wconf 86' lang='lat' dir='ltr'>Geneva</span> <span class='ocrx_word' id='word_1_144' title='bbox 695 1543 818 1568; x_wconf 89' lang='lat' dir='ltr'>novae</span> <span class='ocrx_word' id='word_1_145' title='bbox 829 1529 1029 1579; x_wconf 88' lang='lat' dir='ltr'>religionis</span> <span class='ocrx_word' id='word_1_146' title='bbox 1045 1540 1160 1577; x_wconf 86' lang='lat' dir='ltr'>quam</span> 
     </span>
     <span class='ocr_line' id='line_1_28' title="bbox 217 1585 1160 1632; baseline -0.003 -10"><span class='ocrx_word' id='word_1_147' title='bbox 217 1585 473 1623; x_wconf 84' lang='lat' dir='ltr'>reformatam</span> <span class='ocrx_word' id='word_1_148' title='bbox 507 1585 653 1632; x_wconf 87' lang='lat' dir='ltr'>dicunt,</span> <span class='ocrx_word' id='word_1_149' title='bbox 680 1585 790 1622; x_wconf 90' lang='lat' dir='ltr'>sedes</span> <span class='ocrx_word' id='word_1_150' title='bbox 811 1586 850 1621; x_wconf 92' lang='lat' dir='ltr'>et</span> <span class='ocrx_word' id='word_1_151' title='bbox 869 1586 1044 1620; x_wconf 87' lang='lat' dir='ltr'>centrum</span> <span class='ocrx_word' id='word_1_152' title='bbox 1064 1594 1160 1619; x_wconf 87' lang='lat' dir='ltr'>eva-</span> 
     </span>
     <span class='ocr_line' id='line_1_29' title="bbox 217 1635 1162 1688; baseline -0.006 -11"><span class='ocrx_word' id='word_1_153' title='bbox 217 1639 279 1685; x_wconf 85' lang='lat' dir='ltr'>sit,</span> <span class='ocrx_word' id='word_1_154' title='bbox 301 1652 348 1677; x_wconf 82' lang='lat' dir='ltr'>ex</span> <span class='ocrx_word' id='word_1_155' title='bbox 369 1652 444 1688; x_wconf 87' lang='lat' dir='ltr'>quo</span> <span class='ocrx_word' id='word_1_156' title='bbox 467 1651 603 1688; x_wconf 88' lang='lat' dir='ltr'>nempe</span> <span class='ocrx_word' id='word_1_157' title='bbox 624 1639 790 1676; x_wconf 89' lang='lat' dir='ltr'>Ioannes</span> <span class='ocrx_word' id='word_1_158' title='bbox 807 1637 995 1676; x_wconf 89' lang='lat' dir='ltr'>Calvinus</span> <span class='ocrx_word' id='word_1_159' title='bbox 1016 1635 1068 1672; x_wconf 93' lang='lat' dir='ltr'>ibi</span> <span class='ocrx_word' id='word_1_160' title='bbox 1090 1635 1162 1684; x_wconf 85' lang='lat' dir='ltr'>pri-</span> 
     </span>
     <span class='ocr_line' id='line_1_30' title="bbox 218 1689 1160 1742; baseline -0.005 -12"><span class='ocrx_word' id='word_1_161' title='bbox 218 1693 364 1730; x_wconf 88' lang='lat' dir='ltr'>marius</span> <span class='ocrx_word' id='word_1_162' title='bbox 384 1693 632 1742; x_wconf 88' lang='lat' dir='ltr'>praedicator</span> <span class='ocrx_word' id='word_1_163' title='bbox 651 1696 691 1730; x_wconf 88' lang='lat' dir='ltr'>et</span> <span class='ocrx_word' id='word_1_164' title='bbox 710 1695 837 1729; x_wconf 89' lang='lat' dir='ltr'>rector</span> <span class='ocrx_word' id='word_1_165' title='bbox 857 1689 1044 1728; x_wconf 86' lang='lat' dir='ltr'>ecclesiae</span> <span class='ocrx_word' id='word_1_166' title='bbox 1065 1701 1160 1726; x_wconf 90' lang='lat' dir='ltr'>con-</span> 
     </span>
     <span class='ocr_line' id='line_1_31' title="bbox 219 1742 1160 1784; baseline -0.005 0"><span class='ocrx_word' id='word_1_167' title='bbox 219 1746 381 1784; x_wconf 85' lang='lat' dir='ltr'>stitutus</span> <span class='ocrx_word' id='word_1_168' title='bbox 415 1750 484 1784; x_wconf 90' lang='lat' dir='ltr'>est.</span> <span class='ocrx_word' id='word_1_169' title='bbox 520 1746 556 1784; x_wconf 92' lang='lat' dir='ltr'>Is</span> <span class='ocrx_word' id='word_1_170' title='bbox 593 1758 692 1784; x_wconf 87' lang='lat' dir='ltr'>anno</span> <span class='ocrx_word' id='word_1_171' title='bbox 729 1745 828 1784; x_wconf 83' lang='lat'>1509</span> <span class='ocrx_word' id='word_1_172' title='bbox 862 1742 1084 1782; x_wconf 89' lang='lat' dir='ltr'>Novioduni</span> <span class='ocrx_word' id='word_1_173' title='bbox 1121 1743 1160 1779; x_wconf 90' lang='lat' dir='ltr'>in</span> 
     </span>
     <span class='ocr_line' id='line_1_32' title="bbox 220 1797 1160 1847; baseline -0.004 -10"><span class='ocrx_word' id='word_1_174' title='bbox 220 1800 402 1837; x_wconf 86' lang='lat' dir='ltr'>Picardia</span> <span class='ocrx_word' id='word_1_175' title='bbox 436 1801 552 1837; x_wconf 88' lang='lat' dir='ltr'>natus</span> <span class='ocrx_word' id='word_1_176' title='bbox 570 1830 580 1847; x_wconf 83' lang='lat'>,</span> <span class='ocrx_word' id='word_1_177' title='bbox 613 1799 755 1837; x_wconf 88' lang='lat' dir='ltr'>litteris</span> <span class='ocrx_word' id='word_1_178' title='bbox 791 1797 1085 1836; x_wconf 85' lang='lat' dir='ltr'>humanioribus</span> <span class='ocrx_word' id='word_1_179' title='bbox 1122 1800 1160 1834; x_wconf 91' lang='lat' dir='ltr'>et</span> 
     </span>
     <span class='ocr_line' id='line_1_33' title="bbox 221 1850 1161 1903; baseline -0.004 -12"><span class='ocrx_word' id='word_1_180' title='bbox 221 1854 486 1903; x_wconf 79' lang='lat' dir='ltr'>philosophiae</span> <span class='ocrx_word' id='word_1_181' title='bbox 519 1853 681 1891; x_wconf 88' lang='lat' dir='ltr'>Parisiis</span> <span class='ocrx_word' id='word_1_182' title='bbox 697 1883 706 1900; x_wconf 85' lang='lat'>,</span> <span class='ocrx_word' id='word_1_183' title='bbox 732 1850 1063 1901; x_wconf 87' lang='lat' dir='ltr'>iurisprudentiae</span> <span class='ocrx_word' id='word_1_184' title='bbox 1085 1852 1161 1888; x_wconf 85' lang='lat' dir='ltr'>Au-</span> 
     </span>
     <span class='ocr_line' id='line_1_34' title="bbox 222 1904 1158 1956; baseline -0.004 -13"><span class='ocrx_word' id='word_1_185' title='bbox 222 1907 361 1944; x_wconf 87' lang='lat' dir='ltr'>reliani</span> <span class='ocrx_word' id='word_1_186' title='bbox 382 1910 421 1945; x_wconf 93' lang='lat' dir='ltr'>et</span> <span class='ocrx_word' id='word_1_187' title='bbox 441 1907 683 1956; x_wconf 88' lang='lat' dir='ltr'>Biturigibus</span> <span class='ocrx_word' id='word_1_188' title='bbox 704 1906 863 1944; x_wconf 86' lang='lat' dir='ltr'>studuit.</span> <span class='ocrx_word' id='word_1_189' title='bbox 880 1905 980 1942; x_wconf 83' lang='lat' dir='ltr'>Tum</span> <span class='ocrx_word' id='word_1_190' title='bbox 996 1904 1058 1940; x_wconf 90' lang='lat' dir='ltr'>hic</span> <span class='ocrx_word' id='word_1_191' title='bbox 1076 1906 1158 1941; x_wconf 89' lang='lat' dir='ltr'>tum</span> 
     </span>
     <span class='ocr_line' id='line_1_35' title="bbox 220 1957 1162 2010; baseline -0.003 -13"><span class='ocrx_word' id='word_1_192' title='bbox 220 1960 300 1998; x_wconf 92' lang='lat' dir='ltr'>illic</span> <span class='ocrx_word' id='word_1_193' title='bbox 320 1960 521 2010; x_wconf 82' lang='lat' dir='ltr'>religiosas</span> <span class='ocrx_word' id='word_1_194' title='bbox 551 1960 745 1998; x_wconf 84' lang='lat' dir='ltr'>novitates</span> <span class='ocrx_word' id='word_1_195' title='bbox 767 1960 814 1997; x_wconf 87' lang='lat' dir='ltr'>ab</span> <span class='ocrx_word' id='word_1_196' title='bbox 835 1958 997 1996; x_wconf 90' lang='lat' dir='ltr'>occultis</span> <span class='ocrx_word' id='word_1_197' title='bbox 1017 1957 1162 1994; x_wconf 86' lang='lat' dir='ltr'>Luthe-</span> 
     </span>
     <span class='ocr_line' id='line_1_36' title="bbox 222 2011 1160 2063; baseline -0.004 -12"><span class='ocrx_word' id='word_1_198' title='bbox 222 2013 327 2051; x_wconf 91' lang='lat' dir='ltr'>ranis</span> <span class='ocrx_word' id='word_1_199' title='bbox 355 2018 395 2051; x_wconf 91' lang='lat' dir='ltr'>et</span> <span class='ocrx_word' id='word_1_200' title='bbox 421 2014 672 2063; x_wconf 87' lang='lat' dir='ltr'>Zwinglianis</span> <span class='ocrx_word' id='word_1_201' title='bbox 706 2013 769 2062; x_wconf 86' lang='lat' dir='ltr'>qui</span> <span class='ocrx_word' id='word_1_202' title='bbox 787 2043 796 2059; x_wconf 88' lang='lat'>,</span> <span class='ocrx_word' id='word_1_203' title='bbox 817 2025 891 2050; x_wconf 90' lang='lat' dir='ltr'>nen</span> <span class='ocrx_word' id='word_1_204' title='bbox 917 2011 1160 2049; x_wconf 86' lang='lat' dir='ltr'>obstantibus</span> 
     </span>
     <span class='ocr_line' id='line_1_37' title="bbox 222 2064 1160 2116; baseline -0.004 -12"><span class='ocrx_word' id='word_1_205' title='bbox 222 2067 487 2116; x_wconf 85' lang='lat' dir='ltr'>episcoporum</span> <span class='ocrx_word' id='word_1_206' title='bbox 509 2072 548 2105; x_wconf 86' lang='lat' dir='ltr'>et</span> <span class='ocrx_word' id='word_1_207' title='bbox 568 2068 671 2116; x_wconf 86' lang='lat' dir='ltr'>regis</span> <span class='ocrx_word' id='word_1_208' title='bbox 691 2069 878 2104; x_wconf 83' lang='lat' dir='ltr'>adversus</span> <span class='ocrx_word' id='word_1_209' title='bbox 897 2064 1084 2103; x_wconf 88' lang='lat' dir='ltr'>sectarios</span> <span class='ocrx_word' id='word_1_210' title='bbox 1104 2077 1160 2101; x_wconf 91' lang='lat' dir='ltr'>co-</span> 
     </span>
     <span class='ocr_line' id='line_1_38' title="bbox 223 2119 1157 2170; baseline -0.003 -13"><span class='ocrx_word' id='word_1_211' title='bbox 223 2121 379 2158; x_wconf 82' lang='lat' dir='ltr'>natibus</span> <span class='ocrx_word' id='word_1_212' title='bbox 399 2125 438 2158; x_wconf 89' lang='lat' dir='ltr'>ct</span> <span class='ocrx_word' id='word_1_213' title='bbox 459 2121 679 2170; x_wconf 80' lang='lat' dir='ltr'>vigilantia,</span> <span class='ocrx_word' id='word_1_214' title='bbox 700 2121 786 2158; x_wconf 90' lang='lat' dir='ltr'>illas</span> <span class='ocrx_word' id='word_1_215' title='bbox 807 2131 875 2168; x_wconf 87' lang='lat' dir='ltr'>per</span> <span class='ocrx_word' id='word_1_216' title='bbox 894 2119 1046 2155; x_wconf 79' lang='lat' dir='ltr'>Galliae</span> <span class='ocrx_word' id='word_1_217' title='bbox 1066 2130 1157 2167; x_wconf 87' lang='lat' dir='ltr'>pro-</span> 
     </span>
     <span class='ocr_line' id='line_1_39' title="bbox 223 2172 1158 2220; baseline -0.004 -9"><span class='ocrx_word' id='word_1_218' title='bbox 223 2174 373 2211; x_wconf 85' lang='lat' dir='ltr'>vincias</span> <span class='ocrx_word' id='word_1_219' title='bbox 393 2175 714 2220; x_wconf 80' lang='lat' dir='ltr'>disseminabant,</span> <span class='ocrx_word' id='word_1_220' title='bbox 739 2173 874 2211; x_wconf 87' lang='lat' dir='ltr'>didicit</span> <span class='ocrx_word' id='word_1_221' title='bbox 903 2172 1158 2220; x_wconf 82' lang='lat' dir='ltr'>suscepitque.</span> 
     </span>
     <span class='ocr_line' id='line_1_40' title="bbox 224 2225 1160 2277; baseline -0.004 -12"><span class='ocrx_word' id='word_1_222' title='bbox 224 2228 280 2265; x_wconf 80' lang='lat' dir='ltr'>Ex</span> <span class='ocrx_word' id='word_1_223' title='bbox 311 2228 382 2265; x_wconf 87' lang='lat' dir='ltr'>hoc</span> <span class='ocrx_word' id='word_1_224' title='bbox 410 2230 585 2277; x_wconf 88' lang='lat' dir='ltr'>tempore</span> <span class='ocrx_word' id='word_1_225' title='bbox 616 2229 732 2265; x_wconf 87' lang='lat' dir='ltr'>rebus</span> <span class='ocrx_word' id='word_1_226' title='bbox 760 2225 998 2273; x_wconf 74' lang='lat' dir='ltr'>theologicis,</span> <span class='ocrx_word' id='word_1_227' title='bbox 1018 2237 1160 2262; x_wconf 86' lang='lat' dir='ltr'>secun-</span> 
     </span>
     <span class='ocr_line' id='line_1_41' title="bbox 221 2278 1163 2328; baseline -0.002 -12"><span class='ocrx_word' id='word_1_228' title='bbox 221 2281 314 2318; x_wconf 88' lang='lat' dir='ltr'>dum</span> <span class='ocrx_word' id='word_1_229' title='bbox 335 2282 511 2328; x_wconf 89' lang='lat' dir='ltr'>Lutheri,</span> <span class='ocrx_word' id='word_1_230' title='bbox 536 2280 862 2325; x_wconf 86' lang='lat' dir='ltr'>Melanehthonis,</span> <span class='ocrx_word' id='word_1_231' title='bbox 881 2278 1073 2327; x_wconf 79' lang='lat' dir='ltr'>Zwinglii,</span> <span class='ocrx_word' id='word_1_232' title='bbox 1093 2278 1163 2315; x_wconf 91' lang='lat' dir='ltr'>Oe-</span> 
     </span>
     <span class='ocr_line' id='line_1_42' title="bbox 223 2334 1160 2385; baseline -0.005 -13"><span class='ocrx_word' id='word_1_233' title='bbox 223 2334 480 2385; x_wconf 87' lang='lat' dir='ltr'>colampadii,</span> <span class='ocrx_word' id='word_1_234' title='bbox 510 2335 698 2385; x_wconf 88' lang='lat' dir='ltr'>principia</span> <span class='ocrx_word' id='word_1_235' title='bbox 726 2334 1039 2380; x_wconf 80' lang='lat' dir='ltr'>sententiasque,</span> <span class='ocrx_word' id='word_1_236' title='bbox 1067 2344 1160 2381; x_wconf 87' lang='lat' dir='ltr'>ope-</span> 
     </span>
     <span class='ocr_line' id='line_1_43' title="bbox 224 2385 1160 2437; baseline -0.004 -12"><span class='ocrx_word' id='word_1_237' title='bbox 224 2401 308 2425; x_wconf 81' lang='lat' dir='ltr'>ram</span> <span class='ocrx_word' id='word_1_238' title='bbox 329 2389 444 2427; x_wconf 88' lang='lat' dir='ltr'>dedit.</span> <span class='ocrx_word' id='word_1_239' title='bbox 466 2391 538 2426; x_wconf 84' lang='lat' dir='ltr'>An.</span> <span class='ocrx_word' id='word_1_240' title='bbox 564 2389 665 2427; x_wconf 79' lang='lat'>1532</span> <span class='ocrx_word' id='word_1_241' title='bbox 686 2391 769 2437; x_wconf 88' lang='lat' dir='ltr'>post</span> <span class='ocrx_word' id='word_1_242' title='bbox 789 2387 936 2424; x_wconf 87' lang='lat' dir='ltr'>obitum</span> <span class='ocrx_word' id='word_1_243' title='bbox 960 2386 1080 2434; x_wconf 86' lang='lat' dir='ltr'>patris</span> <span class='ocrx_word' id='word_1_244' title='bbox 1103 2385 1160 2422; x_wconf 92' lang='lat' dir='ltr'>bi-</span> 
     </span>
     <span class='ocr_line' id='line_1_44' title="bbox 224 2439 1162 2488; baseline -0.005 -9"><span class='ocrx_word' id='word_1_245' title='bbox 224 2454 314 2479; x_wconf 87' lang='lat' dir='ltr'>num</span> <span class='ocrx_word' id='word_1_246' title='bbox 338 2442 570 2480; x_wconf 89' lang='lat' dir='ltr'>beneficium</span> <span class='ocrx_word' id='word_1_247' title='bbox 590 2441 910 2485; x_wconf 80' lang='lat' dir='ltr'>ecclesiasticum,</span> <span class='ocrx_word' id='word_1_248' title='bbox 931 2439 1098 2488; x_wconf 81' lang='lat' dir='ltr'>simplex</span> <span class='ocrx_word' id='word_1_249' title='bbox 1119 2451 1162 2475; x_wconf 91' lang='lat' dir='ltr'>u-</span> 
     </span>
     <span class='ocr_line' id='line_1_45' title="bbox 224 2492 1163 2540; baseline -0.004 -8"><span class='ocrx_word' id='word_1_250' title='bbox 224 2508 315 2533; x_wconf 88' lang='lat' dir='ltr'>num</span> <span class='ocrx_word' id='word_1_251' title='bbox 346 2499 384 2534; x_wconf 91' lang='lat' dir='ltr'>et</span> <span class='ocrx_word' id='word_1_252' title='bbox 411 2500 590 2533; x_wconf 87' lang='lat' dir='ltr'>curatum</span> <span class='ocrx_word' id='word_1_253' title='bbox 620 2496 801 2540; x_wconf 87' lang='lat' dir='ltr'>alterum,</span> <span class='ocrx_word' id='word_1_254' title='bbox 830 2493 903 2531; x_wconf 89' lang='lat' dir='ltr'>sibi</span> <span class='ocrx_word' id='word_1_255' title='bbox 923 2505 1008 2530; x_wconf 90' lang='lat' dir='ltr'>cum</span> <span class='ocrx_word' id='word_1_256' title='bbox 1030 2492 1163 2538; x_wconf 20' lang='lat' dir='ltr'>adole,-</span> 
     </span>
     <span class='ocr_line' id='line_1_46' title="bbox 225 2547 1163 2594; baseline -0.005 -8"><span class='ocrx_word' id='word_1_257' title='bbox 225 2552 350 2587; x_wconf 88' lang='lat' dir='ltr'>sccrct</span> <span class='ocrx_word' id='word_1_258' title='bbox 374 2550 572 2594; x_wconf 88' lang='lat' dir='ltr'>collatum,</span> <span class='ocrx_word' id='word_1_259' title='bbox 599 2548 784 2586; x_wconf 86' lang='lat' dir='ltr'>vendidit.</span> <span class='ocrx_word' id='word_1_260' title='bbox 803 2547 936 2584; x_wconf 85' lang='lat' dir='ltr'>Rebus</span> <span class='ocrx_word' id='word_1_261' title='bbox 957 2547 1035 2584; x_wconf 89' lang='lat' dir='ltr'>suis</span> <span class='ocrx_word' id='word_1_262' title='bbox 1055 2558 1163 2582; x_wconf 90' lang='lat' dir='ltr'>com-</span> 
     </span>
     <span class='ocr_line' id='line_1_47' title="bbox 228 2600 1164 2651; baseline -0.004 -12"><span class='ocrx_word' id='word_1_263' title='bbox 228 2603 362 2651; x_wconf 84' lang='lat' dir='ltr'>positis</span> <span class='ocrx_word' id='word_1_264' title='bbox 383 2616 424 2641; x_wconf 89' lang='lat' dir='ltr'>se</span> <span class='ocrx_word' id='word_1_265' title='bbox 445 2603 610 2640; x_wconf 89' lang='lat' dir='ltr'>contulit</span> <span class='ocrx_word' id='word_1_266' title='bbox 630 2601 816 2647; x_wconf 76' lang='lat' dir='ltr'>Parisios,</span> <span class='ocrx_word' id='word_1_267' title='bbox 839 2600 900 2637; x_wconf 88' lang='lat' dir='ltr'>ubi</span> <span class='ocrx_word' id='word_1_268' title='bbox 922 2600 1091 2637; x_wconf 89' lang='lat' dir='ltr'>occultos</span> <span class='ocrx_word' id='word_1_269' title='bbox 1111 2611 1164 2636; x_wconf 87' lang='lat' dir='ltr'>se-</span> 
     </span>
     <span class='ocr_line' id='line_1_48' title="bbox 225 2653 1163 2706; baseline -0.004 -13"><span class='ocrx_word' id='word_1_270' title='bbox 225 2658 369 2695; x_wconf 90' lang='lat' dir='ltr'>ctarios</span> <span class='ocrx_word' id='word_1_271' title='bbox 390 2657 657 2706; x_wconf 81' lang='lat' dir='ltr'>frequentavit</span> <span class='ocrx_word' id='word_1_272' title='bbox 677 2659 716 2693; x_wconf 88' lang='lat' dir='ltr'>et</span> <span class='ocrx_word' id='word_1_273' title='bbox 739 2667 838 2692; x_wconf 88' lang='lat' dir='ltr'>nova</span> <span class='ocrx_word' id='word_1_274' title='bbox 859 2655 1043 2701; x_wconf 75' lang='lat' dir='ltr'>dogmata</span> <span class='ocrx_word' id='word_1_275' title='bbox 1063 2653 1163 2689; x_wconf 86' lang='lat' dir='ltr'>clam</span> 
     </span>
     <span class='ocr_line' id='line_1_49' title="bbox 225 2706 1163 2756; baseline -0.005 -10"><span class='ocrx_word' id='word_1_276' title='bbox 225 2710 502 2749; x_wconf 80' lang='lat' dir='ltr'>disseminavit.</span> <span class='ocrx_word' id='word_1_277' title='bbox 525 2711 616 2748; x_wconf 87' lang='lat' dir='ltr'>Inde</span> <span class='ocrx_word' id='word_1_278' title='bbox 638 2722 698 2747; x_wconf 86' lang='lat' dir='ltr'>an.</span> <span class='ocrx_word' id='word_1_279' title='bbox 722 2708 823 2746; x_wconf 84' lang='grc'><strong>1533</strong></span> <span class='ocrx_word' id='word_1_280' title='bbox 839 2706 1014 2756; x_wconf 83' lang='lat' dir='ltr'>confugit</span> <span class='ocrx_word' id='word_1_281' title='bbox 1034 2706 1163 2754; x_wconf 79' lang='lat' dir='ltr'>Engo-</span> 
     </span>
     <span class='ocr_line' id='line_1_50' title="bbox 226 2759 1165 2810; baseline -0.007 -10"><span class='ocrx_word' id='word_1_282' title='bbox 226 2764 396 2810; x_wconf 71' lang='lat' dir='ltr'>lismam,</span> <span class='ocrx_word' id='word_1_283' title='bbox 429 2765 491 2802; x_wconf 88' lang='lat' dir='ltr'>ubi</span> <span class='ocrx_word' id='word_1_284' title='bbox 520 2764 637 2801; x_wconf 85' lang='lat' dir='ltr'>libros</span> <span class='ocrx_word' id='word_1_285' title='bbox 666 2775 756 2800; x_wconf 88' lang='lat' dir='ltr'>suos</span> <span class='ocrx_word' id='word_1_286' title='bbox 785 2762 830 2798; x_wconf 88' lang='lat' dir='ltr'>de</span> <span class='ocrx_word' id='word_1_287' title='bbox 859 2759 1165 2797; x_wconf 75' lang='lat' dir='ltr'>institutionibus</span> 
     </span>
     <span class='ocr_line' id='line_1_51' title="bbox 224 2812 1164 2867; baseline -0.005 -14"><span class='ocrx_word' id='word_1_288' title='bbox 224 2818 423 2867; x_wconf 86' lang='lat' dir='ltr'>religionis</span> <span class='ocrx_word' id='word_1_289' title='bbox 453 2818 689 2855; x_wconf 84' lang='lat' dir='ltr'>christianae</span> <span class='ocrx_word' id='word_1_290' title='bbox 718 2829 738 2852; x_wconf 89' lang='lat' dir='ltr'>e</span> <span class='ocrx_word' id='word_1_291' title='bbox 768 2814 945 2858; x_wconf 87' lang='lat' dir='ltr'>Lutheri,</span> <span class='ocrx_word' id='word_1_292' title='bbox 973 2812 1164 2860; x_wconf 85' lang='lat' dir='ltr'>Zwinglii,</span> 
     </span>
     <span class='ocr_line' id='line_1_52' title="bbox 225 2867 1165 2920; baseline -0.007 -12"><span class='ocrx_word' id='word_1_293' title='bbox 225 2871 541 2920; x_wconf 82' lang='lat' dir='ltr'>OEcolampadii,</span> <span class='ocrx_word' id='word_1_294' title='bbox 563 2869 892 2914; x_wconf 84' lang='lat' dir='ltr'>Melanclithonis,</span> <span class='ocrx_word' id='word_1_295' title='bbox 926 2867 1165 2914; x_wconf 81' lang='lat' dir='ltr'>aliorumque</span> 
     </span>
     <span class='ocr_line' id='line_1_53' title="bbox 227 2919 1165 2973; baseline -0.006 -12"><span class='ocrx_word' id='word_1_296' title='bbox 227 2928 454 2962; x_wconf 77' lang='lat' dir='ltr'>novatorum</span> <span class='ocrx_word' id='word_1_297' title='bbox 473 2925 625 2973; x_wconf 70' lang='lat' dir='ltr'>scriptis</span> <span class='ocrx_word' id='word_1_298' title='bbox 642 2923 822 2972; x_wconf 78' lang='lat' dir='ltr'>colligere</span> <span class='ocrx_word' id='word_1_299' title='bbox 839 2919 1002 2970; x_wconf 82' lang='lat' dir='ltr'>coepit³.</span> <span class='ocrx_word' id='word_1_300' title='bbox 1023 2920 1165 2956; x_wconf 80' lang='lat' dir='ltr'>Deinde</span> 
     </span>
     <span class='ocr_line' id='line_1_54' title="bbox 227 2975 1166 3026; baseline -0.003 -13"><span class='ocrx_word' id='word_1_301' title='bbox 227 2978 337 3026; x_wconf 78' lang='lat' dir='ltr'>petiit</span> <span class='ocrx_word' id='word_1_302' title='bbox 366 2978 636 3022; x_wconf 81' lang='lat' dir='ltr'>Germaniam,</span> <span class='ocrx_word' id='word_1_303' title='bbox 667 2979 851 3025; x_wconf 78' lang='lat' dir='ltr'>dogmata</span> <span class='ocrx_word' id='word_1_304' title='bbox 879 2988 949 3013; x_wconf 86' lang='lat' dir='ltr'>sua</span> <span class='ocrx_word' id='word_1_305' title='bbox 979 2986 1064 3011; x_wconf 86' lang='lat' dir='ltr'>cum</span> <span class='ocrx_word' id='word_1_306' title='bbox 1096 2975 1166 3010; x_wconf 89' lang='lat' dir='ltr'>do-</span> 
     </span>
     <span class='ocr_line' id='line_1_55' title="bbox 225 3029 1165 3076; baseline -0.004 -8"><span class='ocrx_word' id='word_1_307' title='bbox 225 3031 395 3069; x_wconf 85' lang='lat' dir='ltr'>ctoribus</span> <span class='ocrx_word' id='word_1_308' title='bbox 415 3032 629 3069; x_wconf 77' lang='lat' dir='ltr'>lutheranis</span> <span class='ocrx_word' id='word_1_309' title='bbox 650 3031 873 3068; x_wconf 82' lang='lat' dir='ltr'>collaturus.</span> <span class='ocrx_word' id='word_1_310' title='bbox 891 3029 1080 3066; x_wconf 83' lang='lat' dir='ltr'>l&#39;osthacc</span> <span class='ocrx_word' id='word_1_311' title='bbox 1100 3040 1165 3076; x_wconf 90' lang='lat' dir='ltr'>pe-</span> 
     </span>
    </p>
   </div>
   <div class='ocr_carea' id='block_1_3' title="bbox 268 3158 950 3243">
    <p class='ocr_par' dir='ltr' id='par_1_4' title="bbox 268 3158 950 3243">
     <span class='ocr_line' id='line_1_56' title="bbox 268 3158 829 3202; baseline 0.004 -12"><span class='ocrx_word' id='word_1_312' title='bbox 268 3158 277 3179; x_wconf 87' lang='lat'>¹</span> <span class='ocrx_word' id='word_1_313' title='bbox 297 3161 401 3191; x_wconf 75' lang='lat' dir='ltr'>Bover.</span> <span class='ocrx_word' id='word_1_314' title='bbox 420 3161 558 3193; x_wconf 75' lang='lat' dir='ltr'>Annales</span> <span class='ocrx_word' id='word_1_315' title='bbox 578 3160 829 3202; x_wconf 70' lang='lat' dir='ltr'>(lamminarum.</span> 
     </span>
     <span class='ocr_line' id='line_1_57' title="bbox 269 3199 950 3243; baseline 0.003 -13"><span class='ocrx_word' id='word_1_316' title='bbox 269 3199 281 3220; x_wconf 75' lang='lat'><em>2</em></span> <span class='ocrx_word' id='word_1_317' title='bbox 299 3203 361 3233; x_wconf 85' lang='lat' dir='ltr'>Vid.</span> <span class='ocrx_word' id='word_1_318' title='bbox 378 3213 407 3243; x_wconf 88' lang='lat' dir='ltr'>p.</span> <span class='ocrx_word' id='word_1_319' title='bbox 426 3203 492 3235; x_wconf 79' lang='grc'><strong>119.</strong></span> <span class='ocrx_word' id='word_1_320' title='bbox 505 3222 543 3226; x_wconf 90' lang='grc'><strong>-</strong></span> <span class='ocrx_word' id='word_1_321' title='bbox 559 3205 573 3227; x_wconf 81' lang='grc'><strong>3</strong></span> <span class='ocrx_word' id='word_1_322' title='bbox 588 3203 688 3235; x_wconf 78' lang='lat' dir='ltr'>Edidit</span> <span class='ocrx_word' id='word_1_323' title='bbox 705 3203 844 3234; x_wconf 79' lang='lat' dir='ltr'>Basilcae</span> <span class='ocrx_word' id='word_1_324' title='bbox 866 3199 950 3233; x_wconf 77' lang='lat'>1536.</span> 
     </span>
    </p>
   </div>
   <div class='ocr_carea' id='block_1_4' title="bbox 841 126 1521 157">
    <p class='ocr_par' dir='ltr' id='par_1_5' title="bbox 841 126 1521 157">
     <span class='ocr_line' id='line_1_58' title="bbox 841 126 1521 157; baseline -0.009 0"><span class='ocrx_word' id='word_1_325' title='bbox 841 129 993 157; x_wconf 80' lang='lat' dir='ltr'><strong>EPOCHA</strong></span> <span class='ocrx_word' id='word_1_326' title='bbox 1022 129 1075 154; x_wconf 87' lang='lat' dir='ltr'>XI.</span> <span class='ocrx_word' id='word_1_327' title='bbox 1104 128 1156 154; x_wconf 87' lang='lat' dir='ltr'>AB</span> <span class='ocrx_word' id='word_1_328' title='bbox 1183 126 1316 154; x_wconf 87' lang='lat' dir='ltr'>INITIIS</span> <span class='ocrx_word' id='word_1_329' title='bbox 1345 126 1521 152; x_wconf 82' lang='lat' dir='ltr'>LVTHERI</span> 
     </span>
    </p>
   </div>
   <div class='ocr_carea' id='block_1_5' title="bbox 1198 191 2154 3018">
    <p class='ocr_par' dir='ltr' id='par_1_6' title="bbox 1199 191 2149 453">
     <span class='ocr_line' id='line_1_59' title="bbox 1199 191 2148 240; baseline 0.002 -11"><span class='ocrx_word' id='word_1_330' title='bbox 1199 191 1369 240; x_wconf 85' lang='lat' dir='ltr'>ragratis</span> <span class='ocrx_word' id='word_1_331' title='bbox 1397 191 1517 228; x_wconf 90' lang='lat' dir='ltr'>variis</span> <span class='ocrx_word' id='word_1_332' title='bbox 1537 191 1778 239; x_wconf 88' lang='lat' dir='ltr'>regionibus,</span> <span class='ocrx_word' id='word_1_333' title='bbox 1797 205 1860 231; x_wconf 89' lang='lat' dir='ltr'>an.</span> <span class='ocrx_word' id='word_1_334' title='bbox 1885 193 1983 231; x_wconf 87' lang='lat'>1541</span> <span class='ocrx_word' id='word_1_335' title='bbox 2006 193 2148 231; x_wconf 85' lang='lat' dir='ltr'>sedem</span> 
     </span>
     <span class='ocr_line' id='line_1_60' title="bbox 1199 244 2149 296; baseline 0.002 -14"><span class='ocrx_word' id='word_1_336' title='bbox 1199 257 1312 282; x_wconf 88' lang='lat' dir='ltr'>suam</span> <span class='ocrx_word' id='word_1_337' title='bbox 1327 244 1414 281; x_wconf 82' lang='lat' dir='ltr'>fixit</span> <span class='ocrx_word' id='word_1_338' title='bbox 1431 244 1705 289; x_wconf 88' lang='lat' dir='ltr'>Genevae,ubi</span> <span class='ocrx_word' id='word_1_339' title='bbox 1724 247 1874 284; x_wconf 88' lang='lat' dir='ltr'>tantam</span> <span class='ocrx_word' id='word_1_340' title='bbox 1894 247 2061 296; x_wconf 89' lang='lat' dir='ltr'>adeptus</span> <span class='ocrx_word' id='word_1_341' title='bbox 2085 250 2149 284; x_wconf 90' lang='lat' dir='ltr'>est</span> 
     </span>
     <span class='ocr_line' id='line_1_61' title="bbox 1201 298 2147 348; baseline 0.003 -14"><span class='ocrx_word' id='word_1_342' title='bbox 1201 298 1475 335; x_wconf 86' lang='lat' dir='ltr'>anctoritatem</span> <span class='ocrx_word' id='word_1_343' title='bbox 1492 326 1501 342; x_wconf 90' lang='lat'>,</span> <span class='ocrx_word' id='word_1_344' title='bbox 1533 299 1576 334; x_wconf 88' lang='lat' dir='ltr'>ut</span> <span class='ocrx_word' id='word_1_345' title='bbox 1595 309 1720 335; x_wconf 90' lang='lat' dir='ltr'>novae</span> <span class='ocrx_word' id='word_1_346' title='bbox 1753 299 1963 348; x_wconf 86' lang='lat' dir='ltr'>religionis,</span> <span class='ocrx_word' id='word_1_347' title='bbox 1996 299 2044 336; x_wconf 85' lang='lat' dir='ltr'>Sa</span> <span class='ocrx_word' id='word_1_348' title='bbox 2053 311 2147 338; x_wconf 86' lang='lat' dir='ltr'>cra-</span> 
     </span>
     <span class='ocr_line' id='line_1_62' title="bbox 1202 350 2149 399; baseline 0.002 -12"><span class='ocrx_word' id='word_1_349' title='bbox 1202 351 1483 388; x_wconf 89' lang='lat' dir='ltr'>mentariorum</span> <span class='ocrx_word' id='word_1_350' title='bbox 1504 350 1702 396; x_wconf 87' lang='lat' dir='ltr'>nimirum,</span> <span class='ocrx_word' id='word_1_351' title='bbox 1723 356 1840 399; x_wconf 85' lang='lat' dir='ltr'>caput</span> <span class='ocrx_word' id='word_1_352' title='bbox 1860 355 1899 390; x_wconf 90' lang='lat' dir='ltr'>et</span> <span class='ocrx_word' id='word_1_353' title='bbox 1918 354 1999 391; x_wconf 79' lang='lat' dir='ltr'>dux</span> <span class='ocrx_word' id='word_1_354' title='bbox 2021 353 2149 390; x_wconf 86' lang='lat' dir='ltr'>habe-</span> 
     </span>
     <span class='ocr_line' id='line_1_63' title="bbox 1199 403 2148 453; baseline 0.002 -12"><span class='ocrx_word' id='word_1_355' title='bbox 1199 407 1323 450; x_wconf 86' lang='lat' dir='ltr'>retur,</span> <span class='ocrx_word' id='word_1_356' title='bbox 1352 404 1532 453; x_wconf 81' lang='lat' dir='ltr'>legesque</span> <span class='ocrx_word' id='word_1_357' title='bbox 1562 403 1681 440; x_wconf 85' lang='lat' dir='ltr'>etiam</span> <span class='ocrx_word' id='word_1_358' title='bbox 1700 403 1740 440; x_wconf 89' lang='lat' dir='ltr'>in</span> <span class='ocrx_word' id='word_1_359' title='bbox 1759 404 1940 443; x_wconf 90' lang='lat' dir='ltr'>civilibus</span> <span class='ocrx_word' id='word_1_360' title='bbox 1960 406 2148 444; x_wconf 89' lang='lat' dir='ltr'>dictaret.</span> 
     </span>
    </p>

    <p class='ocr_par' dir='ltr' id='par_1_7' title="bbox 1198 456 2152 2644">
     <span class='ocr_line' id='line_1_64' title="bbox 1251 456 2145 508; baseline 0.003 -14"><span class='ocrx_word' id='word_1_361' title='bbox 1251 457 1522 494; x_wconf 85' lang='lat' dir='ltr'>Introductum</span> <span class='ocrx_word' id='word_1_362' title='bbox 1542 469 1565 493; x_wconf 89' lang='lat' dir='ltr'>a</span> <span class='ocrx_word' id='word_1_363' title='bbox 1579 456 1769 506; x_wconf 83' lang='lat' dir='ltr'>Zwinglio</span> <span class='ocrx_word' id='word_1_364' title='bbox 1790 457 1988 507; x_wconf 87' lang='lat' dir='ltr'>religionis</span> <span class='ocrx_word' id='word_1_365' title='bbox 2008 462 2145 508; x_wconf 82' lang='lat' dir='ltr'>syste-</span> 
     </span>
     <span class='ocr_line' id='line_1_65' title="bbox 1200 510 2146 560; baseline 0.001 -12"><span class='ocrx_word' id='word_1_366' title='bbox 1200 523 1275 557; x_wconf 87' lang='lat' dir='ltr'>ma,</span> <span class='ocrx_word' id='word_1_367' title='bbox 1296 513 1486 560; x_wconf 89' lang='lat' dir='ltr'>quantum</span> <span class='ocrx_word' id='word_1_368' title='bbox 1506 511 1553 547; x_wconf 86' lang='lat' dir='ltr'>ad</span> <span class='ocrx_word' id='word_1_369' title='bbox 1575 510 1759 558; x_wconf 84' lang='lat' dir='ltr'>dogmata</span> <span class='ocrx_word' id='word_1_370' title='bbox 1778 513 1816 547; x_wconf 88' lang='lat' dir='ltr'>et</span> <span class='ocrx_word' id='word_1_371' title='bbox 1836 511 2037 560; x_wconf 90' lang='lat' dir='ltr'>regiminis</span> <span class='ocrx_word' id='word_1_372' title='bbox 2057 512 2146 549; x_wconf 85' lang='lat' dir='ltr'>for-</span> 
     </span>
     <span class='ocr_line' id='line_1_66' title="bbox 1200 563 2147 613; baseline 0.003 -13"><span class='ocrx_word' id='word_1_373' title='bbox 1200 576 1302 601; x_wconf 88' lang='lat' dir='ltr'>mam</span> <span class='ocrx_word' id='word_1_374' title='bbox 1323 566 1486 613; x_wconf 87' lang='lat' dir='ltr'>spectat,</span> <span class='ocrx_word' id='word_1_375' title='bbox 1506 563 1717 612; x_wconf 87' lang='lat' dir='ltr'>plurimum</span> <span class='ocrx_word' id='word_1_376' title='bbox 1738 564 1928 612; x_wconf 83' lang='lat' dir='ltr'>expolivit</span> <span class='ocrx_word' id='word_1_377' title='bbox 1947 565 2147 603; x_wconf 82' lang='lat' dir='ltr'>reforma-</span> 
     </span>
     <span class='ocr_line' id='line_1_67' title="bbox 1201 616 2141 666; baseline 0.002 -12"><span class='ocrx_word' id='word_1_378' title='bbox 1201 618 1349 666; x_wconf 87' lang='lat' dir='ltr'>vitque.</span> <span class='ocrx_word' id='word_1_379' title='bbox 1383 618 1443 655; x_wconf 89' lang='lat' dir='ltr'>Ad</span> <span class='ocrx_word' id='word_1_380' title='bbox 1477 616 1829 654; x_wconf 84' lang='lat' dir='ltr'>administrandam</span> <span class='ocrx_word' id='word_1_381' title='bbox 1847 629 1928 654; x_wconf 89' lang='lat' dir='ltr'>rem</span> <span class='ocrx_word' id='word_1_382' title='bbox 1949 618 2141 656; x_wconf 89' lang='lat' dir='ltr'>ecclesia-</span> 
     </span>
     <span class='ocr_line' id='line_1_68' title="bbox 1198 670 2142 719; baseline 0.001 -11"><span class='ocrx_word' id='word_1_383' title='bbox 1198 672 1334 708; x_wconf 88' lang='lat' dir='ltr'>sticam</span> <span class='ocrx_word' id='word_1_384' title='bbox 1356 670 1605 719; x_wconf 87' lang='lat' dir='ltr'>praescripsit</span> <span class='ocrx_word' id='word_1_385' title='bbox 1625 670 1875 717; x_wconf 89' lang='lat' dir='ltr'>consistoria,</span> <span class='ocrx_word' id='word_1_386' title='bbox 1894 683 1915 708; x_wconf 95' lang='lat' dir='ltr'>e</span> <span class='ocrx_word' id='word_1_387' title='bbox 1935 671 2142 719; x_wconf 89' lang='lat' dir='ltr'>praedica-</span> 
     </span>
     <span class='ocr_line' id='line_1_69' title="bbox 1199 724 2144 773; baseline 0.001 -12"><span class='ocrx_word' id='word_1_388' title='bbox 1199 727 1282 761; x_wconf 89' lang='lat' dir='ltr'>tore</span> <span class='ocrx_word' id='word_1_389' title='bbox 1311 727 1352 762; x_wconf 90' lang='lat' dir='ltr'>et</span> <span class='ocrx_word' id='word_1_390' title='bbox 1370 724 1585 762; x_wconf 90' lang='lat' dir='ltr'>senioribus</span> <span class='ocrx_word' id='word_1_391' title='bbox 1618 724 1831 770; x_wconf 88' lang='lat' dir='ltr'>composita</span> <span class='ocrx_word' id='word_1_392' title='bbox 1847 754 1856 768; x_wconf 92' lang='lat'>,</span> <span class='ocrx_word' id='word_1_393' title='bbox 1875 728 1915 761; x_wconf 88' lang='lat' dir='ltr'>et</span> <span class='ocrx_word' id='word_1_394' title='bbox 1941 724 2028 762; x_wconf 88' lang='lat' dir='ltr'>inde</span> <span class='ocrx_word' id='word_1_395' title='bbox 2057 736 2144 773; x_wconf 88' lang='lat' dir='ltr'>pre-</span> 
     </span>
     <span class='ocr_line' id='line_1_70' title="bbox 1199 777 2147 827; baseline 0.001 -13"><span class='ocrx_word' id='word_1_396' title='bbox 1199 777 1374 827; x_wconf 82' lang='lat' dir='ltr'>sbyteria</span> <span class='ocrx_word' id='word_1_397' title='bbox 1393 777 1508 815; x_wconf 89' lang='lat' dir='ltr'>dicta.</span> <span class='ocrx_word' id='word_1_398' title='bbox 1525 777 1691 814; x_wconf 87' lang='lat' dir='ltr'>Secutus</span> <span class='ocrx_word' id='word_1_399' title='bbox 1701 777 1933 827; x_wconf 87' lang='lat' dir='ltr'>Zwinglium</span> <span class='ocrx_word' id='word_1_400' title='bbox 1953 789 2147 815; x_wconf 89' lang='lat' dir='ltr'>caeremo-</span> 
     </span>
     <span class='ocr_line' id='line_1_71' title="bbox 1198 830 2148 877; baseline -0.001 -9"><span class='ocrx_word' id='word_1_401' title='bbox 1198 832 1282 868; x_wconf 89' lang='lat' dir='ltr'>nias</span> <span class='ocrx_word' id='word_1_402' title='bbox 1301 831 1339 867; x_wconf 91' lang='lat' dir='ltr'>in</span> <span class='ocrx_word' id='word_1_403' title='bbox 1360 831 1534 868; x_wconf 89' lang='lat' dir='ltr'>Ecclesia</span> <span class='ocrx_word' id='word_1_404' title='bbox 1555 830 1722 867; x_wconf 86' lang='lat' dir='ltr'>usitatas</span> <span class='ocrx_word' id='word_1_405' title='bbox 1741 830 1900 877; x_wconf 85' lang='lat' dir='ltr'>reiecit3</span> <span class='ocrx_word' id='word_1_406' title='bbox 1921 842 2148 869; x_wconf 87' lang='lat' dir='ltr'>sacramen-</span> 
     </span>
     <span class='ocr_line' id='line_1_72' title="bbox 1198 884 2149 933; baseline 0 -12"><span class='ocrx_word' id='word_1_407' title='bbox 1198 885 1249 921; x_wconf 91' lang='lat' dir='ltr'>tis</span> <span class='ocrx_word' id='word_1_408' title='bbox 1278 896 1349 921; x_wconf 89' lang='lat' dir='ltr'>ceu</span> <span class='ocrx_word' id='word_1_409' title='bbox 1381 884 1496 922; x_wconf 89' lang='lat' dir='ltr'>meris</span> <span class='ocrx_word' id='word_1_410' title='bbox 1524 884 1724 933; x_wconf 86' lang='lat' dir='ltr'>symbolis,</span> <span class='ocrx_word' id='word_1_411' title='bbox 1739 884 1948 922; x_wconf 89' lang='lat' dir='ltr'>benevolas</span> <span class='ocrx_word' id='word_1_412' title='bbox 1964 884 2036 922; x_wconf 89' lang='lat' dir='ltr'>Dei</span> <span class='ocrx_word' id='word_1_413' title='bbox 2065 895 2149 933; x_wconf 91' lang='lat' dir='ltr'>pro-</span> 
     </span>
     <span class='ocr_line' id='line_1_73' title="bbox 1200 937 2147 986; baseline 0 -12"><span class='ocrx_word' id='word_1_414' title='bbox 1200 938 1397 976; x_wconf 87' lang='lat' dir='ltr'>missiones</span> <span class='ocrx_word' id='word_1_415' title='bbox 1425 938 1731 986; x_wconf 87' lang='lat' dir='ltr'>obsignantibus‚</span> <span class='ocrx_word' id='word_1_416' title='bbox 1761 948 1914 974; x_wconf 90' lang='lat' dir='ltr'>omnem</span> <span class='ocrx_word' id='word_1_417' title='bbox 1943 937 2024 974; x_wconf 91' lang='lat' dir='ltr'>vim</span> <span class='ocrx_word' id='word_1_418' title='bbox 2045 949 2147 975; x_wconf 89' lang='lat' dir='ltr'>con-</span> 
     </span>
     <span class='ocr_line' id='line_1_74' title="bbox 1201 990 2149 1040; baseline 0 -12"><span class='ocrx_word' id='word_1_419' title='bbox 1201 991 1384 1028; x_wconf 90' lang='lat' dir='ltr'>ferendae</span> <span class='ocrx_word' id='word_1_420' title='bbox 1415 991 1564 1040; x_wconf 87' lang='lat' dir='ltr'>gratiae</span> <span class='ocrx_word' id='word_1_421' title='bbox 1593 991 1826 1040; x_wconf 84' lang='lat' dir='ltr'>abrogavit3</span> <span class='ocrx_word' id='word_1_422' title='bbox 1855 990 2000 1028; x_wconf 87' lang='lat' dir='ltr'>realem</span> <span class='ocrx_word' id='word_1_423' title='bbox 2031 1002 2149 1040; x_wconf 87' lang='lat' dir='ltr'>prae-</span> 
     </span>
     <span class='ocr_line' id='line_1_75' title="bbox 1198 1043 2149 1093; baseline 0 -11"><span class='ocrx_word' id='word_1_424' title='bbox 1198 1045 1363 1082; x_wconf 88' lang='lat' dir='ltr'>sentiam</span> <span class='ocrx_word' id='word_1_425' title='bbox 1383 1045 1422 1081; x_wconf 90' lang='lat' dir='ltr'>in</span> <span class='ocrx_word' id='word_1_426' title='bbox 1442 1044 1691 1082; x_wconf 90' lang='lat' dir='ltr'>Eucharistia</span> <span class='ocrx_word' id='word_1_427' title='bbox 1707 1043 1881 1093; x_wconf 87' lang='lat' dir='ltr'>negavit;</span> <span class='ocrx_word' id='word_1_428' title='bbox 1901 1044 2065 1082; x_wconf 89' lang='lat' dir='ltr'>docebat</span> <span class='ocrx_word' id='word_1_429' title='bbox 2084 1057 2149 1082; x_wconf 88' lang='lat' dir='ltr'>ve-</span> 
     </span>
     <span class='ocr_line' id='line_1_76' title="bbox 1200 1097 2152 1147; baseline 0 -12"><span class='ocrx_word' id='word_1_430' title='bbox 1200 1110 1264 1144; x_wconf 87' lang='lat' dir='ltr'>ro,</span> <span class='ocrx_word' id='word_1_431' title='bbox 1286 1098 1366 1147; x_wconf 90' lang='lat' dir='ltr'>pios</span> <span class='ocrx_word' id='word_1_432' title='bbox 1385 1098 1424 1135; x_wconf 94' lang='lat' dir='ltr'>in</span> <span class='ocrx_word' id='word_1_433' title='bbox 1444 1110 1584 1135; x_wconf 90' lang='lat' dir='ltr'>coenae</span> <span class='ocrx_word' id='word_1_434' title='bbox 1612 1109 1683 1135; x_wconf 87' lang='lat' dir='ltr'>usu</span> <span class='ocrx_word' id='word_1_435' title='bbox 1714 1109 1782 1146; x_wconf 91' lang='lat' dir='ltr'>per</span> <span class='ocrx_word' id='word_1_436' title='bbox 1809 1097 1927 1135; x_wconf 89' lang='lat' dir='ltr'>fidem</span> <span class='ocrx_word' id='word_1_437' title='bbox 1954 1097 2040 1135; x_wconf 89' lang='lat' dir='ltr'>fieri</span> <span class='ocrx_word' id='word_1_438' title='bbox 2061 1098 2152 1136; x_wconf 90' lang='lat' dir='ltr'>Cor-</span> 
     </span>
     <span class='ocr_line' id='line_1_77' title="bbox 1200 1150 2152 1201; baseline 0.001 -13"><span class='ocrx_word' id='word_1_439' title='bbox 1200 1151 1302 1201; x_wconf 91' lang='lat' dir='ltr'>poris</span> <span class='ocrx_word' id='word_1_440' title='bbox 1322 1156 1361 1188; x_wconf 90' lang='lat' dir='ltr'>et</span> <span class='ocrx_word' id='word_1_441' title='bbox 1381 1151 1592 1200; x_wconf 88' lang='lat' dir='ltr'>Sanguinis</span> <span class='ocrx_word' id='word_1_442' title='bbox 1611 1151 1754 1189; x_wconf 87' lang='lat' dir='ltr'>Christi</span> <span class='ocrx_word' id='word_1_443' title='bbox 1770 1150 1978 1199; x_wconf 87' lang='lat' dir='ltr'>participes</span> <span class='ocrx_word' id='word_1_444' title='bbox 1993 1181 2003 1198; x_wconf 92' lang='lat'>,</span> <span class='ocrx_word' id='word_1_445' title='bbox 2024 1153 2064 1189; x_wconf 91' lang='lat' dir='ltr'>et</span> <span class='ocrx_word' id='word_1_446' title='bbox 2082 1163 2152 1200; x_wconf 89' lang='lat' dir='ltr'>per</span> 
     </span>
     <span class='ocr_line' id='line_1_78' title="bbox 1203 1203 2147 1254; baseline 0 -12"><span class='ocrx_word' id='word_1_447' title='bbox 1203 1205 1334 1242; x_wconf 91' lang='lat' dir='ltr'>vivam</span> <span class='ocrx_word' id='word_1_448' title='bbox 1351 1205 1540 1254; x_wconf 86' lang='lat' dir='ltr'>passionis</span> <span class='ocrx_word' id='word_1_449' title='bbox 1552 1207 1591 1242; x_wconf 92' lang='lat' dir='ltr'>et</span> <span class='ocrx_word' id='word_1_450' title='bbox 1602 1204 1735 1242; x_wconf 82' lang='lat' dir='ltr'>mortis</span> <span class='ocrx_word' id='word_1_451' title='bbox 1745 1203 1888 1242; x_wconf 87' lang='lat' dir='ltr'>Christi</span> <span class='ocrx_word' id='word_1_452' title='bbox 1903 1204 2147 1252; x_wconf 86' lang='lat' dir='ltr'>memoriam,</span> 
     </span>
     <span class='ocr_line' id='line_1_79' title="bbox 1200 1257 2147 1308; baseline 0 -12"><span class='ocrx_word' id='word_1_453' title='bbox 1200 1271 1316 1308; x_wconf 86' lang='lat' dir='ltr'>quam</span> <span class='ocrx_word' id='word_1_454' title='bbox 1337 1259 1444 1306; x_wconf 90' lang='lat' dir='ltr'>panis</span> <span class='ocrx_word' id='word_1_455' title='bbox 1464 1262 1505 1295; x_wconf 88' lang='lat' dir='ltr'>et</span> <span class='ocrx_word' id='word_1_456' title='bbox 1519 1258 1599 1295; x_wconf 91' lang='lat' dir='ltr'>vini</span> <span class='ocrx_word' id='word_1_457' title='bbox 1616 1257 1794 1307; x_wconf 81' lang='lat' dir='ltr'>symbola</span> <span class='ocrx_word' id='word_1_458' title='bbox 1809 1257 2043 1303; x_wconf 79' lang='lat' dir='ltr'>excitarent,</span> <span class='ocrx_word' id='word_1_459' title='bbox 2061 1270 2147 1296; x_wconf 88' lang='lat' dir='ltr'>cre-</span> 
     </span>
     <span class='ocr_line' id='line_1_80' title="bbox 1202 1311 2146 1361; baseline -0.002 -11"><span class='ocrx_word' id='word_1_460' title='bbox 1202 1312 1375 1350; x_wconf 90' lang='lat' dir='ltr'>dentium</span> <span class='ocrx_word' id='word_1_461' title='bbox 1397 1311 1544 1349; x_wconf 84' lang='lat' dir='ltr'>animos</span> <span class='ocrx_word' id='word_1_462' title='bbox 1564 1312 1619 1349; x_wconf 87' lang='lat' dir='ltr'>ita</span> <span class='ocrx_word' id='word_1_463' title='bbox 1640 1311 1745 1361; x_wconf 87' lang='lat' dir='ltr'>pasci</span> <span class='ocrx_word' id='word_1_464' title='bbox 1766 1311 1867 1349; x_wconf 89' lang='lat' dir='ltr'>sicut</span> <span class='ocrx_word' id='word_1_465' title='bbox 1886 1311 1970 1348; x_wconf 90' lang='lat' dir='ltr'>cibo</span> <span class='ocrx_word' id='word_1_466' title='bbox 1992 1314 2032 1348; x_wconf 92' lang='lat' dir='ltr'>et</span> <span class='ocrx_word' id='word_1_467' title='bbox 2050 1314 2146 1360; x_wconf 90' lang='lat' dir='ltr'>potu</span> 
     </span>
     <span class='ocr_line' id='line_1_81' title="bbox 1202 1364 2151 1414; baseline -0.001 -11"><span class='ocrx_word' id='word_1_468' title='bbox 1202 1377 1340 1414; x_wconf 90' lang='lat' dir='ltr'>corpus</span> <span class='ocrx_word' id='word_1_469' title='bbox 1360 1365 1545 1403; x_wconf 89' lang='lat' dir='ltr'>nutritur.</span> <span class='ocrx_word' id='word_1_470' title='bbox 1575 1366 1788 1403; x_wconf 87' lang='lat' dir='ltr'>Asserebat</span> <span class='ocrx_word' id='word_1_471' title='bbox 1814 1366 2018 1414; x_wconf 87' lang='lat' dir='ltr'>praeterea</span> <span class='ocrx_word' id='word_1_472' title='bbox 2031 1394 2041 1411; x_wconf 94' lang='lat'>‚</span> <span class='ocrx_word' id='word_1_473' title='bbox 2060 1364 2151 1402; x_wconf 88' lang='lat' dir='ltr'>libe·</span> 
     </span>
     <span class='ocr_line' id='line_1_82' title="bbox 1203 1418 2146 1467; baseline 0.001 -12"><span class='ocrx_word' id='word_1_474' title='bbox 1203 1431 1289 1456; x_wconf 88' lang='lat' dir='ltr'>rum</span> <span class='ocrx_word' id='word_1_475' title='bbox 1310 1418 1475 1455; x_wconf 89' lang='lat' dir='ltr'>hominis</span> <span class='ocrx_word' id='word_1_476' title='bbox 1510 1418 1714 1456; x_wconf 87' lang='lat' dir='ltr'>arbitrium</span> <span class='ocrx_word' id='word_1_477' title='bbox 1746 1429 1814 1467; x_wconf 88' lang='lat' dir='ltr'>per</span> <span class='ocrx_word' id='word_1_478' title='bbox 1834 1420 2039 1466; x_wconf 86' lang='lat' dir='ltr'>peccatum</span> <span class='ocrx_word' id='word_1_479' title='bbox 2058 1430 2146 1456; x_wconf 86' lang='lat' dir='ltr'>esse</span> 
     </span>
     <span class='ocr_line' id='line_1_83' title="bbox 1202 1471 2150 1522; baseline -0.001 -12"><span class='ocrx_word' id='word_1_480' title='bbox 1202 1472 1354 1522; x_wconf 88' lang='lat' dir='ltr'>penitus</span> <span class='ocrx_word' id='word_1_481' title='bbox 1374 1472 1610 1518; x_wconf 78' lang='lat' dir='ltr'>extinctum,</span> <span class='ocrx_word' id='word_1_482' title='bbox 1632 1473 1687 1509; x_wconf 88' lang='lat' dir='ltr'>ita</span> <span class='ocrx_word' id='word_1_483' title='bbox 1708 1475 1750 1509; x_wconf 88' lang='lat' dir='ltr'>ut</span> <span class='ocrx_word' id='word_1_484' title='bbox 1770 1472 1884 1508; x_wconf 89' lang='lat' dir='ltr'>homo</span> <span class='ocrx_word' id='word_1_485' title='bbox 1903 1471 2049 1510; x_wconf 84' lang='lat' dir='ltr'>malum</span> <span class='ocrx_word' id='word_1_486' title='bbox 2077 1483 2150 1509; x_wconf 90' lang='lat' dir='ltr'>ne-</span> 
     </span>
     <span class='ocr_line' id='line_1_84' title="bbox 1203 1524 2148 1574; baseline -0.001 -11"><span class='ocrx_word' id='word_1_487' title='bbox 1203 1526 1372 1563; x_wconf 88' lang='lat' dir='ltr'>cessario</span> <span class='ocrx_word' id='word_1_488' title='bbox 1388 1525 1565 1574; x_wconf 87' lang='lat' dir='ltr'>eligeret,</span> <span class='ocrx_word' id='word_1_489' title='bbox 1585 1526 1635 1563; x_wconf 80' lang='lat' dir='ltr'>ad</span> <span class='ocrx_word' id='word_1_490' title='bbox 1656 1526 1801 1563; x_wconf 90' lang='lat' dir='ltr'>bonum</span> <span class='ocrx_word' id='word_1_491' title='bbox 1822 1524 1928 1562; x_wconf 88' lang='lat' dir='ltr'>nullo</span> <span class='ocrx_word' id='word_1_492' title='bbox 1949 1525 2060 1562; x_wconf 91' lang='lat' dir='ltr'>modo</span> <span class='ocrx_word' id='word_1_493' title='bbox 2080 1537 2148 1563; x_wconf 93' lang='lat' dir='ltr'>co-</span> 
     </span>
     <span class='ocr_line' id='line_1_85' title="bbox 1204 1578 2150 1628; baseline 0.001 -12"><span class='ocrx_word' id='word_1_494' title='bbox 1204 1581 1461 1628; x_wconf 90' lang='lat' dir='ltr'>operaretur,</span> <span class='ocrx_word' id='word_1_495' title='bbox 1493 1579 1621 1628; x_wconf 84' lang='lat' dir='ltr'>gratia</span> <span class='ocrx_word' id='word_1_496' title='bbox 1639 1579 1723 1616; x_wconf 91' lang='lat' dir='ltr'>sola</span> <span class='ocrx_word' id='word_1_497' title='bbox 1741 1578 1779 1615; x_wconf 91' lang='lat' dir='ltr'>id</span> <span class='ocrx_word' id='word_1_498' title='bbox 1799 1578 2004 1624; x_wconf 88' lang='lat' dir='ltr'>efficiente;</span> <span class='ocrx_word' id='word_1_499' title='bbox 2024 1578 2150 1617; x_wconf 90' lang='lat' dir='ltr'>Deum</span> 
     </span>
     <span class='ocr_line' id='line_1_86' title="bbox 1205 1631 2151 1680; baseline 0 -10"><span class='ocrx_word' id='word_1_500' title='bbox 1205 1632 1372 1670; x_wconf 81' lang='lat' dir='ltr'>hominis</span> <span class='ocrx_word' id='word_1_501' title='bbox 1393 1632 1546 1680; x_wconf 87' lang='lat' dir='ltr'>lapsum</span> <span class='ocrx_word' id='word_1_502' title='bbox 1567 1645 1640 1669; x_wconf 91' lang='lat' dir='ltr'>non</span> <span class='ocrx_word' id='word_1_503' title='bbox 1662 1632 1786 1670; x_wconf 87' lang='lat' dir='ltr'>solum</span> <span class='ocrx_word' id='word_1_504' title='bbox 1809 1631 2062 1680; x_wconf 86' lang='lat' dir='ltr'>praevidisse,</span> <span class='ocrx_word' id='word_1_505' title='bbox 2083 1633 2151 1670; x_wconf 86' lang='lat' dir='ltr'>sed</span> 
     </span>
     <span class='ocr_line' id='line_1_87' title="bbox 1203 1685 2151 1735; baseline 0 -11"><span class='ocrx_word' id='word_1_506' title='bbox 1203 1686 1321 1724; x_wconf 88' lang='lat' dir='ltr'>etiam</span> <span class='ocrx_word' id='word_1_507' title='bbox 1352 1687 1573 1723; x_wconf 87' lang='lat' dir='ltr'>decrevisse</span> <span class='ocrx_word' id='word_1_508' title='bbox 1593 1689 1632 1723; x_wconf 91' lang='lat' dir='ltr'>et</span> <span class='ocrx_word' id='word_1_509' title='bbox 1651 1685 1966 1735; x_wconf 87' lang='lat' dir='ltr'>praedestinasse</span> <span class='ocrx_word' id='word_1_510' title='bbox 1979 1714 1990 1732; x_wconf 86' lang='lat'>,</span> <span class='ocrx_word' id='word_1_511' title='bbox 2006 1688 2151 1735; x_wconf 87' lang='lat' dir='ltr'>quate-</span> 
     </span>
     <span class='ocr_line' id='line_1_88' title="bbox 1205 1738 2150 1777; baseline 0 0"><span class='ocrx_word' id='word_1_512' title='bbox 1205 1752 1276 1777; x_wconf 86' lang='lat' dir='ltr'>nus</span> <span class='ocrx_word' id='word_1_513' title='bbox 1297 1739 1506 1777; x_wconf 87' lang='lat' dir='ltr'>arbitraria</span> <span class='ocrx_word' id='word_1_514' title='bbox 1535 1739 1702 1777; x_wconf 87' lang='lat' dir='ltr'>aliorum</span> <span class='ocrx_word' id='word_1_515' title='bbox 1731 1738 1950 1776; x_wconf 87' lang='lat' dir='ltr'>salvatione</span> <span class='ocrx_word' id='word_1_516' title='bbox 1981 1741 2021 1776; x_wconf 91' lang='lat' dir='ltr'>et</span> <span class='ocrx_word' id='word_1_517' title='bbox 2050 1739 2150 1777; x_wconf 88' lang='lat' dir='ltr'>alio-</span> 
     </span>
     <span class='ocr_line' id='line_1_89' title="bbox 1205 1792 2149 1841; baseline -0.001 -10"><span class='ocrx_word' id='word_1_518' title='bbox 1205 1806 1291 1831; x_wconf 90' lang='lat' dir='ltr'>rum</span> <span class='ocrx_word' id='word_1_519' title='bbox 1311 1793 1561 1831; x_wconf 89' lang='lat' dir='ltr'>damnatione</span> <span class='ocrx_word' id='word_1_520' title='bbox 1582 1793 1810 1830; x_wconf 84' lang='lat' dir='ltr'>clementiae</span> <span class='ocrx_word' id='word_1_521' title='bbox 1831 1804 1876 1830; x_wconf 87' lang='lat' dir='ltr'>ac</span> <span class='ocrx_word' id='word_1_522' title='bbox 1896 1792 2149 1841; x_wconf 87' lang='lat' dir='ltr'>omnipoten-</span> 
     </span>
     <span class='ocr_line' id='line_1_90' title="bbox 1203 1845 2152 1893; baseline -0.001 -8"><span class='ocrx_word' id='word_1_523' title='bbox 1203 1848 1280 1885; x_wconf 90' lang='lat' dir='ltr'>tiae</span> <span class='ocrx_word' id='word_1_524' title='bbox 1300 1859 1395 1885; x_wconf 91' lang='lat' dir='ltr'>suae</span> <span class='ocrx_word' id='word_1_525' title='bbox 1416 1847 1623 1884; x_wconf 86' lang='lat' dir='ltr'>thesauros</span> <span class='ocrx_word' id='word_1_526' title='bbox 1652 1845 1949 1893; x_wconf 80' lang='lat' dir='ltr'>manifestaret3</span> <span class='ocrx_word' id='word_1_527' title='bbox 1969 1846 2152 1884; x_wconf 88' lang='lat' dir='ltr'>omnibus</span> 
     </span>
     <span class='ocr_line' id='line_1_91' title="bbox 1202 1899 2150 1948; baseline -0.002 -10"><span class='ocrx_word' id='word_1_528' title='bbox 1202 1901 1378 1939; x_wconf 89' lang='lat' dir='ltr'>fidelibus</span> <span class='ocrx_word' id='word_1_529' title='bbox 1398 1913 1465 1938; x_wconf 90' lang='lat' dir='ltr'>seu</span> <span class='ocrx_word' id='word_1_530' title='bbox 1483 1900 1736 1938; x_wconf 85' lang='lat' dir='ltr'>credentibus</span> <span class='ocrx_word' id='word_1_531' title='bbox 1756 1911 1839 1937; x_wconf 89' lang='lat' dir='ltr'>esse</span> <span class='ocrx_word' id='word_1_532' title='bbox 1859 1899 2013 1948; x_wconf 90' lang='lat' dir='ltr'>plenam</span> <span class='ocrx_word' id='word_1_533' title='bbox 2028 1903 2069 1936; x_wconf 90' lang='lat' dir='ltr'>et</span> <span class='ocrx_word' id='word_1_534' title='bbox 2084 1899 2150 1937; x_wconf 89' lang='lat' dir='ltr'>ab·</span> 
     </span>
     <span class='ocr_line' id='line_1_92' title="bbox 1203 1951 2149 1992; baseline -0.003 0"><span class='ocrx_word' id='word_1_535' title='bbox 1203 1955 1370 1992; x_wconf 88' lang='lat' dir='ltr'>solutam</span> <span class='ocrx_word' id='word_1_536' title='bbox 1390 1954 1665 1992; x_wconf 87' lang='lat' dir='ltr'>certitudinem</span> <span class='ocrx_word' id='word_1_537' title='bbox 1686 1965 1779 1990; x_wconf 86' lang='lat' dir='ltr'>suae</span> <span class='ocrx_word' id='word_1_538' title='bbox 1798 1951 2087 1990; x_wconf 87' lang='lat' dir='ltr'>iustificationis</span> <span class='ocrx_word' id='word_1_539' title='bbox 2109 1955 2149 1990; x_wconf 89' lang='lat' dir='ltr'>et</span> 
     </span>
     <span class='ocr_line' id='line_1_93' title="bbox 1203 2006 2147 2057; baseline -0.003 -12"><span class='ocrx_word' id='word_1_540' title='bbox 1203 2007 1578 2057; x_wconf 82' lang='lat' dir='ltr'>praedestinationis3</span> <span class='ocrx_word' id='word_1_541' title='bbox 1591 2006 1781 2045; x_wconf 91' lang='lat' dir='ltr'>iustitiam</span> <span class='ocrx_word' id='word_1_542' title='bbox 1796 2018 1878 2044; x_wconf 90' lang='lat' dir='ltr'>esse</span> <span class='ocrx_word' id='word_1_543' title='bbox 1894 2006 2091 2055; x_wconf 87' lang='lat' dir='ltr'>propriam</span> <span class='ocrx_word' id='word_1_544' title='bbox 2109 2018 2147 2043; x_wconf 90' lang='lat' dir='ltr'>e-</span> 
     </span>
     <span class='ocr_line' id='line_1_94' title="bbox 1203 2059 2147 2108; baseline -0.001 -10"><span class='ocrx_word' id='word_1_545' title='bbox 1203 2063 1391 2099; x_wconf 89' lang='lat' dir='ltr'>lectorum</span> <span class='ocrx_word' id='word_1_546' title='bbox 1411 2064 1449 2098; x_wconf 90' lang='lat' dir='ltr'>et</span> <span class='ocrx_word' id='word_1_547' title='bbox 1463 2061 1581 2098; x_wconf 89' lang='lat' dir='ltr'>semel</span> <span class='ocrx_word' id='word_1_548' title='bbox 1598 2060 1773 2098; x_wconf 86' lang='lat' dir='ltr'>habitam</span> <span class='ocrx_word' id='word_1_549' title='bbox 1789 2072 1862 2096; x_wconf 90' lang='lat' dir='ltr'>non</span> <span class='ocrx_word' id='word_1_550' title='bbox 1880 2071 1987 2108; x_wconf 89' lang='lat' dir='ltr'>posse</span> <span class='ocrx_word' id='word_1_551' title='bbox 2003 2059 2147 2097; x_wconf 89' lang='lat' dir='ltr'>amitti.</span> 
     </span>
     <span class='ocr_line' id='line_1_95' title="bbox 1203 2112 2148 2163; baseline -0.002 -11"><span class='ocrx_word' id='word_1_552' title='bbox 1203 2115 1402 2156; x_wconf 82' lang='lat' dir='ltr'>Quantum</span> <span class='ocrx_word' id='word_1_553' title='bbox 1422 2115 1468 2151; x_wconf 86' lang='lat' dir='ltr'>ad</span> <span class='ocrx_word' id='word_1_554' title='bbox 1490 2127 1609 2163; x_wconf 87' lang='lat' dir='ltr'>opera</span> <span class='ocrx_word' id='word_1_555' title='bbox 1629 2115 1740 2159; x_wconf 82' lang='lat' dir='ltr'>bona,</span> <span class='ocrx_word' id='word_1_556' title='bbox 1755 2112 2073 2157; x_wconf 85' lang='lat' dir='ltr'>satisfactionem,</span> <span class='ocrx_word' id='word_1_557' title='bbox 2094 2113 2148 2150; x_wconf 90' lang='lat' dir='ltr'>in-</span> 
     </span>
     <span class='ocr_line' id='line_1_96' title="bbox 1203 2165 2148 2217; baseline -0.002 -12"><span class='ocrx_word' id='word_1_558' title='bbox 1203 2169 1423 2217; x_wconf 87' lang='lat' dir='ltr'>dulgentias</span> <span class='ocrx_word' id='word_1_559' title='bbox 1444 2171 1483 2204; x_wconf 89' lang='lat' dir='ltr'>et</span> <span class='ocrx_word' id='word_1_560' title='bbox 1499 2168 1575 2205; x_wconf 83' lang='lat' dir='ltr'>alia</span> <span class='ocrx_word' id='word_1_561' title='bbox 1589 2169 1753 2216; x_wconf 85' lang='lat' dir='ltr'>spectat,</span> <span class='ocrx_word' id='word_1_562' title='bbox 1770 2165 1958 2204; x_wconf 87' lang='lat' dir='ltr'>Calvinus</span> <span class='ocrx_word' id='word_1_563' title='bbox 1979 2165 2060 2203; x_wconf 88' lang='lat' dir='ltr'>fere</span> <span class='ocrx_word' id='word_1_564' title='bbox 2080 2178 2148 2203; x_wconf 91' lang='lat' dir='ltr'>ea-</span> 
     </span>
     <span class='ocr_line' id='line_1_97' title="bbox 1202 2219 2147 2259; baseline -0.003 0"><span class='ocrx_word' id='word_1_565' title='bbox 1202 2223 1288 2259; x_wconf 90' lang='lat' dir='ltr'>dem</span> <span class='ocrx_word' id='word_1_566' title='bbox 1323 2234 1367 2259; x_wconf 89' lang='lat' dir='ltr'>ac</span> <span class='ocrx_word' id='word_1_567' title='bbox 1401 2221 1598 2258; x_wconf 85' lang='lat' dir='ltr'>Lutherus</span> <span class='ocrx_word' id='word_1_568' title='bbox 1631 2220 1804 2257; x_wconf 84' lang='lat' dir='ltr'>docebat.</span> <span class='ocrx_word' id='word_1_569' title='bbox 1833 2219 1939 2257; x_wconf 90' lang='lat' dir='ltr'>Obiit</span> <span class='ocrx_word' id='word_1_570' title='bbox 1958 2219 2147 2257; x_wconf 88' lang='lat' dir='ltr'>Calvinus</span> 
     </span>
     <span class='ocr_line' id='line_1_98' title="bbox 1204 2272 2147 2323; baseline -0.002 -11"><span class='ocrx_word' id='word_1_571' title='bbox 1204 2289 1263 2313; x_wconf 86' lang='lat' dir='ltr'>an.</span> <span class='ocrx_word' id='word_1_572' title='bbox 1289 2275 1387 2313; x_wconf 84' lang='lat'>1564</span> <span class='ocrx_word' id='word_1_573' title='bbox 1409 2275 1641 2323; x_wconf 86' lang='lat' dir='ltr'>reliquitque</span> <span class='ocrx_word' id='word_1_574' title='bbox 1663 2274 1775 2321; x_wconf 87' lang='lat' dir='ltr'>plura</span> <span class='ocrx_word' id='word_1_575' title='bbox 1796 2272 1991 2322; x_wconf 82' lang='lat' dir='ltr'>exegetici</span> <span class='ocrx_word' id='word_1_576' title='bbox 2010 2302 2020 2319; x_wconf 90' lang='lat'>,</span> <span class='ocrx_word' id='word_1_577' title='bbox 2047 2273 2147 2322; x_wconf 88' lang='lat' dir='ltr'>dog-</span> 
     </span>
     <span class='ocr_line' id='line_1_99' title="bbox 1205 2326 2152 2377; baseline -0.003 -11"><span class='ocrx_word' id='word_1_578' title='bbox 1205 2328 1332 2366; x_wconf 88' lang='lat' dir='ltr'>matici</span> <span class='ocrx_word' id='word_1_579' title='bbox 1370 2331 1409 2363; x_wconf 85' lang='lat' dir='ltr'>et</span> <span class='ocrx_word' id='word_1_580' title='bbox 1444 2327 1620 2377; x_wconf 85' lang='lat' dir='ltr'>polemici</span> <span class='ocrx_word' id='word_1_581' title='bbox 1656 2326 1808 2375; x_wconf 83' lang='lat' dir='ltr'>generis</span> <span class='ocrx_word' id='word_1_582' title='bbox 1841 2327 2008 2375; x_wconf 85' lang='lat' dir='ltr'>scripta,</span> <span class='ocrx_word' id='word_1_583' title='bbox 2046 2326 2152 2364; x_wconf 89' lang='lat' dir='ltr'>inter</span> 
     </span>
     <span class='ocr_line' id='line_1_100' title="bbox 1203 2380 2149 2434; baseline -0.001 -15"><span class='ocrx_word' id='word_1_584' title='bbox 1203 2395 1301 2431; x_wconf 87' lang='lat' dir='ltr'>quae</span> <span class='ocrx_word' id='word_1_585' title='bbox 1321 2381 1508 2418; x_wconf 88' lang='lat' dir='ltr'>celebrior</span> <span class='ocrx_word' id='word_1_586' title='bbox 1526 2384 1584 2418; x_wconf 88' lang='lat' dir='ltr'>est</span> <span class='ocrx_word' id='word_1_587' title='bbox 1598 2380 1681 2418; x_wconf 87' lang='lat' dir='ltr'>eius</span> <span class='ocrx_word' id='word_1_588' title='bbox 1698 2381 1914 2418; x_wconf 72' lang='lat' dir='ltr'>Institutio</span> <span class='ocrx_word' id='word_1_589' title='bbox 1936 2380 2149 2434; x_wconf 59' lang='lat' dir='ltr'>rdeffibnpk</span> 
     </span>
     <span class='ocr_line' id='line_1_101' title="bbox 1204 2433 2149 2473; baseline -0.002 -1"><span class='ocrx_word' id='word_1_590' title='bbox 1204 2436 1459 2473; x_wconf 76' lang='lat' dir='ltr'>clzrz&#39;stz&#39;mmc</span> <span class='ocrx_word' id='word_1_591' title='bbox 1479 2435 1501 2471; x_wconf 77' lang='lat'>4</span> <span class='ocrx_word' id='word_1_592' title='bbox 1521 2434 1629 2471; x_wconf 92' lang='lat' dir='ltr'>libris</span> <span class='ocrx_word' id='word_1_593' title='bbox 1651 2435 1833 2471; x_wconf 81' lang='lat' dir='ltr'>contenta</span> <span class='ocrx_word' id='word_1_594' title='bbox 1859 2433 1883 2471; x_wconf 90' lang='lat'>¹.</span> <span class='ocrx_word' id='word_1_595' title='bbox 1905 2433 2149 2471; x_wconf 78' lang='lat' dir='ltr'>Exornatum</span> 
     </span>
     <span class='ocr_line' id='line_1_102' title="bbox 1206 2486 2149 2537; baseline -0.002 -11"><span class='ocrx_word' id='word_1_596' title='bbox 1206 2491 1336 2526; x_wconf 86' lang='lat' dir='ltr'>autem</span> <span class='ocrx_word' id='word_1_597' title='bbox 1358 2489 1404 2524; x_wconf 78' lang='lat' dir='ltr'>ab</span> <span class='ocrx_word' id='word_1_598' title='bbox 1427 2500 1471 2525; x_wconf 88' lang='lat' dir='ltr'>eo</span> <span class='ocrx_word' id='word_1_599' title='bbox 1492 2487 1717 2536; x_wconf 85' lang='lat' dir='ltr'>religiosum</span> <span class='ocrx_word' id='word_1_600' title='bbox 1741 2491 1916 2537; x_wconf 77' lang='lat' dir='ltr'>systema</span> <span class='ocrx_word' id='word_1_601' title='bbox 1932 2516 1942 2533; x_wconf 87' lang='lat'><strong>‚</strong></span> <span class='ocrx_word' id='word_1_602' title='bbox 1964 2487 2088 2535; x_wconf 90' lang='lat' dir='ltr'>primo</span> <span class='ocrx_word' id='word_1_603' title='bbox 2111 2486 2149 2524; x_wconf 88' lang='lat' dir='ltr'>in</span> 
     </span>
     <span class='ocr_line' id='line_1_103' title="bbox 1208 2539 2150 2590; baseline -0.002 -11"><span class='ocrx_word' id='word_1_604' title='bbox 1208 2542 1400 2587; x_wconf 84' lang='lat' dir='ltr'>Helvetia,</span> <span class='ocrx_word' id='word_1_605' title='bbox 1421 2541 1559 2578; x_wconf 87' lang='lat' dir='ltr'>deinde</span> <span class='ocrx_word' id='word_1_606' title='bbox 1580 2541 1616 2578; x_wconf 91' lang='lat' dir='ltr'>in</span> <span class='ocrx_word' id='word_1_607' title='bbox 1639 2540 1781 2586; x_wconf 87' lang='lat' dir='ltr'>Gallia,</span> <span class='ocrx_word' id='word_1_608' title='bbox 1801 2540 1964 2590; x_wconf 87' lang='lat' dir='ltr'>aliisque</span> <span class='ocrx_word' id='word_1_609' title='bbox 1985 2539 2150 2590; x_wconf 88' lang='lat' dir='ltr'>regioni·</span> 
     </span>
     <span class='ocr_line' id='line_1_104' title="bbox 1206 2595 1662 2644; baseline -0.002 -11"><span class='ocrx_word' id='word_1_610' title='bbox 1206 2597 1276 2633; x_wconf 86' lang='lat' dir='ltr'>bus</span> <span class='ocrx_word' id='word_1_611' title='bbox 1298 2598 1553 2644; x_wconf 83' lang='lat' dir='ltr'>propagatum</span> <span class='ocrx_word' id='word_1_612' title='bbox 1576 2595 1662 2632; x_wconf 81' lang='lat' dir='ltr'>fuit.</span> 
     </span>
    </p>

    <p class='ocr_par' dir='ltr' id='par_1_8' title="bbox 1207 2646 2154 3018">
     <span class='ocr_line' id='line_1_105' title="bbox 1258 2646 2150 2697; baseline -0.004 -11"><span class='ocrx_word' id='word_1_613' title='bbox 1258 2650 1320 2686; x_wconf 71' lang='lat'>25.</span> <span class='ocrx_word' id='word_1_614' title='bbox 1343 2649 1568 2697; x_wconf 67' lang='lat' dir='ltr'>Scriptores</span> <span class='ocrx_word' id='word_1_615' title='bbox 1578 2646 2044 2686; x_wconf 66' lang='lat' dir='ltr'>ecclesiastici—Divina</span> <span class='ocrx_word' id='word_1_616' title='bbox 2057 2647 2150 2684; x_wconf 87' lang='lat' dir='ltr'>Pro-</span> 
     </span>
     <span class='ocr_line' id='line_1_106' title="bbox 1207 2700 2151 2751; baseline -0.002 -12"><span class='ocrx_word' id='word_1_617' title='bbox 1207 2702 1393 2748; x_wconf 74' lang='lat' dir='ltr'>videntia,</span> <span class='ocrx_word' id='word_1_618' title='bbox 1413 2714 1511 2751; x_wconf 85' lang='lat' dir='ltr'>qnae</span> <span class='ocrx_word' id='word_1_619' title='bbox 1533 2702 1604 2739; x_wconf 86' lang='lat' dir='ltr'>hoc</span> <span class='ocrx_word' id='word_1_620' title='bbox 1624 2701 1778 2739; x_wconf 81' lang='lat' dir='ltr'>saeculo</span> <span class='ocrx_word' id='word_1_621' title='bbox 1808 2700 2022 2739; x_wconf 88' lang='lat' dir='ltr'>Ecclesiam</span> <span class='ocrx_word' id='word_1_622' title='bbox 2044 2712 2067 2737; x_wconf 85' lang='lat' dir='ltr'>a</span> <span class='ocrx_word' id='word_1_623' title='bbox 2089 2701 2151 2737; x_wconf 86' lang='lat' dir='ltr'>tot</span> 
     </span>
     <span class='ocr_line' id='line_1_107' title="bbox 1208 2753 2150 2805; baseline -0.003 -12"><span class='ocrx_word' id='word_1_624' title='bbox 1208 2757 1382 2793; x_wconf 85' lang='lat' dir='ltr'>hostibus</span> <span class='ocrx_word' id='word_1_625' title='bbox 1415 2755 1633 2805; x_wconf 85' lang='lat' dir='ltr'>oppugnari</span> <span class='ocrx_word' id='word_1_626' title='bbox 1668 2755 1932 2804; x_wconf 85' lang='lat' dir='ltr'>permittebat,</span> <span class='ocrx_word' id='word_1_627' title='bbox 1959 2753 2150 2803; x_wconf 91' lang='lat' dir='ltr'>plurimos</span> 
     </span>
     <span class='ocr_line' id='line_1_108' title="bbox 1208 2806 2150 2852; baseline -0.003 -6"><span class='ocrx_word' id='word_1_628' title='bbox 1208 2810 1328 2846; x_wconf 78' lang='lat' dir='ltr'>etiam</span> <span class='ocrx_word' id='word_1_629' title='bbox 1349 2809 1453 2846; x_wconf 80' lang='lat' dir='ltr'>illius</span> <span class='ocrx_word' id='word_1_630' title='bbox 1485 2809 1707 2846; x_wconf 81' lang='lat' dir='ltr'>defensores</span> <span class='ocrx_word' id='word_1_631' title='bbox 1741 2807 1958 2846; x_wconf 87' lang='lat' dir='ltr'>suscitavit.</span> <span class='ocrx_word' id='word_1_632' title='bbox 1988 2806 2150 2852; x_wconf 89' lang='lat' dir='ltr'>Omnes,</span> 
     </span>
     <span class='ocr_line' id='line_1_109' title="bbox 1208 2861 2152 2912; baseline -0.004 -12"><span class='ocrx_word' id='word_1_633' title='bbox 1208 2876 1300 2911; x_wconf 73' lang='lat' dir='ltr'>qnos</span> <span class='ocrx_word' id='word_1_634' title='bbox 1322 2864 1392 2900; x_wconf 90' lang='lat' dir='ltr'>hoc</span> <span class='ocrx_word' id='word_1_635' title='bbox 1426 2864 1626 2900; x_wconf 84' lang='lat' dir='ltr'>saeculum</span> <span class='ocrx_word' id='word_1_636' title='bbox 1660 2863 1811 2912; x_wconf 87' lang='lat' dir='ltr'>peperit</span> <span class='ocrx_word' id='word_1_637' title='bbox 1843 2861 2064 2911; x_wconf 87' lang='lat' dir='ltr'>scriptores,</span> <span class='ocrx_word' id='word_1_638' title='bbox 2087 2871 2152 2896; x_wconf 91' lang='lat' dir='ltr'>re-</span> 
     </span>
     <span class='ocr_line' id='line_1_110' title="bbox 1209 2912 2150 2965; baseline -0.002 -14"><span class='ocrx_word' id='word_1_639' title='bbox 1209 2929 1367 2953; x_wconf 77' lang='lat' dir='ltr'>censere</span> <span class='ocrx_word' id='word_1_640' title='bbox 1390 2929 1463 2953; x_wconf 92' lang='lat' dir='ltr'>non</span> <span class='ocrx_word' id='word_1_641' title='bbox 1488 2929 1708 2965; x_wconf 78' lang='lat' dir='ltr'>possumus,</span> <span class='ocrx_word' id='word_1_642' title='bbox 1739 2914 1997 2952; x_wconf 83' lang='lat' dir='ltr'>indicabimus</span> <span class='ocrx_word' id='word_1_643' title='bbox 2018 2912 2150 2951; x_wconf 90' lang='lat' dir='ltr'>solum</span> 
     </span>
     <span class='ocr_line' id='line_1_111' title="bbox 1211 2966 2154 3018; baseline -0.002 -13"><span class='ocrx_word' id='word_1_644' title='bbox 1211 2970 1524 3018; x_wconf 79' lang='lat' dir='ltr'>praestantiores.</span> <span class='ocrx_word' id='word_1_645' title='bbox 1562 2970 1666 3007; x_wconf 83' lang='lat' dir='ltr'>Inter</span> <span class='ocrx_word' id='word_1_646' title='bbox 1700 2982 1765 3007; x_wconf 88' lang='lat' dir='ltr'>cos</span> <span class='ocrx_word' id='word_1_647' title='bbox 1799 2969 1866 3018; x_wconf 87' lang='lat' dir='ltr'>qui</span> <span class='ocrx_word' id='word_1_648' title='bbox 1889 2969 1978 3006; x_wconf 86' lang='lat' dir='ltr'>ante</span> <span class='ocrx_word' id='word_1_649' title='bbox 2000 2966 2154 3004; x_wconf 85' lang='lat' dir='ltr'>saeculi</span> 
     </span>
    </p>
   </div>
   <div class='ocr_carea' id='block_1_6' title="bbox 1210 3071 2154 3237">
    <p class='ocr_par' dir='ltr' id='par_1_9' title="bbox 1210 3071 2154 3237">
     <span class='ocr_line' id='line_1_112' title="bbox 1251 3071 2152 3114; baseline -0.006 -8"><span class='ocrx_word' id='word_1_650' title='bbox 1251 3076 1259 3096; x_wconf 82' lang='lat'><strong>¹</strong></span> <span class='ocrx_word' id='word_1_651' title='bbox 1279 3075 1365 3106; x_wconf 75' lang='lat' dir='ltr'>Edita</span> <span class='ocrx_word' id='word_1_652' title='bbox 1388 3085 1463 3106; x_wconf 77' lang='lat' dir='ltr'>cin-a</span> <span class='ocrx_word' id='word_1_653' title='bbox 1481 3076 1514 3106; x_wconf 82' lang='lat' dir='ltr'>R.</span> <span class='ocrx_word' id='word_1_654' title='bbox 1530 3075 1675 3114; x_wconf 84' lang='lat' dir='ltr'>Stephani</span> <span class='ocrx_word' id='word_1_655' title='bbox 1707 3073 1787 3105; x_wconf 79' lang='lat'>1553</span> <span class='ocrx_word' id='word_1_656' title='bbox 1811 3071 1915 3104; x_wconf 71' lang='lat' dir='ltr'>iri-sol.</span> <span class='ocrx_word' id='word_1_657' title='bbox 1938 3072 1975 3104; x_wconf 80' lang='lat' dir='ltr'>Cf</span> <span class='ocrx_word' id='word_1_658' title='bbox 1988 3072 2019 3103; x_wconf 78' lang='lat' dir='ltr'>F.</span> <span class='ocrx_word' id='word_1_659' title='bbox 2035 3071 2073 3102; x_wconf 83' lang='lat' dir='ltr'>(lc</span> <span class='ocrx_word' id='word_1_660' title='bbox 2091 3072 2152 3102; x_wconf 75' lang='lat' dir='ltr'>ne-</span> 
     </span>
     <span class='ocr_line' id='line_1_113' title="bbox 1210 3113 2154 3155; baseline -0.006 -7"><span class='ocrx_word' id='word_1_661' title='bbox 1210 3118 1311 3151; x_wconf 64' lang='lat' dir='ltr'>monti,</span> <span class='ocrx_word' id='word_1_662' title='bbox 1331 3117 1371 3148; x_wconf 76' lang='lat' dir='ltr'>De</span> <span class='ocrx_word' id='word_1_663' title='bbox 1387 3121 1476 3152; x_wconf 79' lang='lat' dir='ltr'>orm,</span> <span class='ocrx_word' id='word_1_664' title='bbox 1494 3125 1666 3155; x_wconf 64' lang='lat' dir='ltr'>proqrexsu</span> <span class='ocrx_word' id='word_1_665' title='bbox 1692 3118 1723 3147; x_wconf 69' lang='lat' dir='ltr'>et</span> <span class='ocrx_word' id='word_1_666' title='bbox 1740 3115 1950 3147; x_wconf 79' lang='lat' dir='ltr'>inclinatione</span> <span class='ocrx_word' id='word_1_667' title='bbox 1967 3113 2154 3149; x_wconf 65' lang='lat' dir='ltr'>haeraeum,</span> 
     </span>
     <span class='ocr_line' id='line_1_114' title="bbox 1211 3153 2152 3196; baseline -0.003 -7"><span class='ocrx_word' id='word_1_668' title='bbox 1211 3161 1227 3189; x_wconf 91' lang='grc' dir='ltr'>Ι.</span> <span class='ocrx_word' id='word_1_669' title='bbox 1246 3160 1327 3194; x_wconf 53' lang='lat' dir='ltr'>vnn</span> <span class='ocrx_word' id='word_1_670' title='bbox 1347 3159 1456 3193; x_wconf 72' lang='lat' dir='ltr'>Audin.</span> <span class='ocrx_word' id='word_1_671' title='bbox 1474 3158 1616 3189; x_wconf 70' lang='lat' dir='ltr'>Histoire</span> <span class='ocrx_word' id='word_1_672' title='bbox 1631 3158 1668 3189; x_wconf 78' lang='lat' dir='ltr'>de</span> <span class='ocrx_word' id='word_1_673' title='bbox 1685 3158 1715 3189; x_wconf 81' lang='lat' dir='ltr'>lu</span> <span class='ocrx_word' id='word_1_674' title='bbox 1733 3159 1792 3193; x_wconf 77' lang='lat' dir='ltr'>me.</span> <span class='ocrx_word' id='word_1_675' title='bbox 1809 3156 1862 3188; x_wconf 60' lang='lat' dir='ltr'>des</span> <span class='ocrx_word' id='word_1_676' title='bbox 1881 3163 2035 3196; x_wconf 71' lang='lat' dir='ltr'>ouvrayes</span> <span class='ocrx_word' id='word_1_677' title='bbox 2051 3157 2082 3186; x_wconf 79' lang='lat' dir='ltr'>et</span> <span class='ocrx_word' id='word_1_678' title='bbox 2096 3153 2152 3186; x_wconf 79' lang='lat' dir='ltr'>cles</span> 
     </span>
     <span class='ocr_line' id='line_1_115' title="bbox 1210 3197 2031 3237; baseline -0.002 -7"><span class='ocrx_word' id='word_1_679' title='bbox 1210 3202 1368 3232; x_wconf 69' lang='lat' dir='ltr'>doctrines</span> <span class='ocrx_word' id='word_1_680' title='bbox 1385 3201 1422 3231; x_wconf 75' lang='lat' dir='ltr'>(tc</span> <span class='ocrx_word' id='word_1_681' title='bbox 1440 3199 1562 3237; x_wconf 66' lang='lat' dir='ltr'>Calvio,</span> <span class='ocrx_word' id='word_1_682' title='bbox 1584 3201 1721 3231; x_wconf 82' lang='lat' dir='ltr'>Lonvain</span> <span class='ocrx_word' id='word_1_683' title='bbox 1743 3198 1827 3237; x_wconf 63' lang='lat'>1842,</span> <span class='ocrx_word' id='word_1_684' title='bbox 1843 3198 1861 3229; x_wconf 69' lang='grc' dir='ltr'>ζ.)</span> <span class='ocrx_word' id='word_1_685' title='bbox 1879 3198 1936 3230; x_wconf 86' lang='lat' dir='ltr'>vol.</span> <span class='ocrx_word' id='word_1_686' title='bbox 1955 3197 2031 3229; x_wconf 83' lang='lat' dir='ltr'>in-8.</span> 
     </span>
    </p>
   </div>
  </div>
 </body>
</html>
