2241 3473
277 147 354 189 368

221 233 276 274 ta;
294 230 501 277 episcopus
519 227 991 263 Lausanno-Genevensis
1015 227 1172 261 carceri

221 284 493 330 mancipatus,
521 285 658 327 postea
683 291 778 316 vero
804 279 966 315 exulare
995 284 1170 315 coactus.

268 338 367 373 Dum
385 336 482 371 haec
497 334 630 370 omnia
645 334 881 381 agebantur,
897 334 1093 369 coniurati
1108 333 1173 368 ho-

221 391 347 427 mines
372 390 443 425 sub
470 388 626 423 nomine
653 387 776 435 Corpi
804 386 983 434 franchi
1010 386 1173 433 (gallice

220 442 712 491 Corpsfrmzcs),omnium
728 440 1170 488 perditissimi,vexatio-

219 509 289 533 nes
308 507 500 544 pagorum
521 495 828 542 protestantium
856 496 1082 537 tuebantur,
1110 494 1174 541 qui

220 549 426 586 Helvetiae
447 548 688 596 reipublicae
705 553 862 595 pactum
878 548 1172 584 fundamentale

220 607 433 645 mutantes,
460 604 569 650 leges
589 604 894 650 promulgarunt
913 603 950 638 in
967 603 1173 639 Ecclesiae

219 661 259 694 et
285 657 475 693 bonorum
496 657 638 692 civium
658 657 956 698 detrimentum,
989 656 1174 703 direptio-

219 722 308 747 nem
337 712 517 747 foventes
544 711 812 758 proprietatis,
841 711 1044 758 omnisque
1076 711 1174 746 iuris

219 765 484 808 violationem,
504 776 550 800 ac
579 765 854 812 religiosorum
884 765 1172 802 Coenobiorum

219 818 517 854 extinctionem.
538 818 648 859 Quae
669 830 756 854 cum
776 819 830 854 ita
849 824 995 862 essent,
1017 824 1173 866 septem

219 872 502 908 catholicorum
529 873 634 920 pagi,
653 873 761 908 nulla
778 873 974 909 libertatis
993 884 1062 920 spe
1081 873 1175 909 alle—

219 927 285 970 cti,
314 926 486 962 foederis
512 938 605 963 vero
633 938 831 963 memores
856 938 880 962 a
899 927 1075 973 patribus
1094 927 1174 962 suis

217 979 301 1015 initi
324 979 447 1026 pratis
466 980 608 1023 Grutli,
632 980 694 1016 die
713 981 734 1016 7
754 981 982 1016 novembris
1007 981 1114 1024 1307,
1133 984 1175 1016 ut

217 1033 440 1069 Helvetiam
468 1034 768 1082 Rempublicam
795 1046 817 1070 e
844 1035 1052 1082 tyrannico
1079 1034 1171 1081 iugo

218 1086 437 1134 eriperent,
456 1086 517 1123 die
537 1088 579 1123 11
599 1087 808 1124 dicembris
829 1088 919 1125 1843
938 1089 1170 1125 societatem

219 1140 407 1185 inierunt,
421 1141 482 1177 cui
499 1142 643 1178 titulus:
663 1142 1076 1190 Cccntonumflcleliztm
1091 1144 1170 1179 Ρα-

218 1193 340 1230 ctione·
354 1194 527 1239 Foedus;
542 1196 632 1231 dum
649 1208 669 1232 e
688 1201 828 1232 contra
842 1197 1061 1233 adversarii
1077 1197 1174 1234 Son.-

218 1247 408 1291 clerbmzcl,
432 1249 742 1297 scilicetsoeclus
761 1250 943 1295 divisam,
962 1252 1089 1300 ipsam
1109 1263 1173 1300 ap-

218 1310 417 1360 pellarunt
432 1314 458 1342 1.
480 1306 611 1348 Quum
633 1317 725 1343 vero
746 1306 957 1342 Radicales
978 1307 1091 1344 iustis
1107 1307 1174 1343 ho-

219 1380 306 1405 rum
321 1366 532 1415 propositis
547 1365 744 1401 assentire
760 1364 974 1408 noluerint,
991 1365 1174 1401 catholici

218 1437 260 1462 se
287 1436 328 1461 se
356 1423 480 1460 armis
507 1433 708 1470 opponere
735 1421 865 1457 coacti
890 1420 1065 1456 fuerunt.
1096 1420 1174 1457 Sed

219 1490 383 1516 numero
410 1482 450 1515 et
478 1477 684 1524 praesidiis
712 1477 828 1523 longe
855 1475 1083 1519 inferiores,
1104 1475 1174 1511 sub

219 1535 326 1571 exitu
339 1545 426 1569 nov.
442 1531 743 1575 1847,foederati
759 1531 959 1568 Cantones
974 1530 1012 1565 vi
1031 1529 1174 1566 cedere

219 1588 438 1625 debuerunt
455 1592 495 1624 et
511 1587 650 1624 deiecti
672 1590 777 1622 sunt.
796 1586 984 1621 Attamen
1004 1584 1177 1620 Radica-

222 1642 314 1678 lium
342 1642 508 1679 audacia
535 1653 582 1678 eo
609 1641 783 1682 devenit,
803 1644 844 1675 ut
869 1639 961 1675 dum
989 1639 1175 1685 Friburgi

220 1697 454 1733 Iesuitarum
470 1696 689 1742 Collegium
702 1694 952 1736 invaderent,
966 1705 986 1730 e
1000 1693 1174 1730 finestris

221 1752 456 1788 Sanctorum
485 1751 673 1799 reliquias
699 1748 931 1792 deiecerint,
949 1751 987 1784 et
1014 1747 1172 1791 milites,

221 1806 270 1842 ad
296 1807 421 1843 instar
448 1806 618 1848 taeniae,
637 1804 717 1840 suis
744 1802 870 1851 galeis
897 1802 1103 1844 (horribile
1123 1802 1176 1838 di-

222 1865 286 1898 ctu
301 1865 331 1903 !)
368 1860 673 1897 Sacratissimae
707 1856 983 1894 Eucharistiae
1012 1857 1175 1903 Species

223 1914 437 1961 alligarint·
454 1913 571 1956 Hinc,
590 1913 647 1948 nti
667 1913 704 1948 in
726 1910 886 1958 reliquis
903 1921 1037 1946 rerum
1054 1910 1175 1957 publi-

224 1978 360 2003 carum
389 1966 722 2007 subversionibus,
743 1964 972 2011 Religiosae
999 1963 1173 2000 familiae

224 2021 422 2057 extinctae
455 2025 546 2057 sunt
564 2050 571 2064 ‚
600 2030 817 2067 earumque
851 2017 1007 2054 sodales
1040 2029 1061 2053 e
1093 2019 1174 2054 suis

224 2074 423 2111 coenobiis
444 2073 575 2117 eiecti,
591 2073 638 2109 ad
658 2083 792 2109 rerum
809 2071 980 2107 omnium
1000 2071 1174 2118 inopiam

224 2128 390 2171 reducti,
401 2138 607 2164 sacrorum
623 2128 812 2163 bonorum
829 2126 997 2172 direptio
1013 2126 1175 2173 impleta

224 2188 298 2227 est;
319 2194 392 2219 nec
406 2193 503 2219 vero
524 2183 614 2217 novi
630 2180 795 2217 Vandali
818 2184 1083 2227 pepercerunt
1102 2181 1172 2227 ipsi

224 2235 668 2285 magni-divi-Bernardi
693 2234 909 2277 Coenobio,
936 2234 1046 2269 cuius
1073 2234 1174 2270 bona

225 2292 450 2329 miserando
478 2290 592 2327 modo
619 2289 835 2330 violarunt,
864 2294 1170 2336 usurpaverunt.

225 2345 656 2396 IntereaEpiscopi,qui
671 2344 708 2379 in
726 2344 801 2380 ista
817 2347 1022 2391 patrantes
1039 2344 1175 2380 Eccle-

224 2409 306 2444 siae
322 2413 469 2454 poenas
483 2398 862 2441 commemorabant,
875 2397 1030 2440 divinis,
1041 2398 1177 2434 huma—

225 2463 361 2509 nisque
383 2455 620 2506 proculcatis
648 2453 810 2496 iuribus,
831 2451 1017 2488 audacius
1037 2453 1075 2488 in
1093 2453 1177 2490 dies

226 2528 250 2553 a
267 2513 438 2563 propriis
464 2507 709 2547 dioecesibus
735 2506 886 2554 expulsi
907 2510 1023 2553 atque
1051 2508 1173 2543 etiam

227 2572 263 2607 in
283 2578 488 2606 carcerem
510 2564 617 2602 missi
638 2568 741 2601 sunt.
763 2562 897 2609 Pagus
916 2561 1136 2607 Ticinensis
1155 2573 1178 2598 a

227 2622 481 2661 Dioecesibus
508 2617 795 2657 Mediolanensi
815 2622 854 2653 et
872 2616 1076 2659 Comensi,
1097 2617 1179 2664 qui-

229 2682 297 2716 bus
316 2679 355 2715 in
374 2675 641 2724 spiritualibus
669 2673 860 2715 subiacet,
887 2682 956 2707 suo
986 2671 1090 2707 libitu
1121 2683 1178 2707 sc-

230 2734 334 2781 iungi
371 2732 494 2769 voluit
515 2760 522 2773 ,
564 2733 604 2766 et
638 2739 725 2764 cum
764 2725 979 2762 Helveticis
1014 2725 1180 2761 Sedibus

227 2787 406 2827 Cur-iensi
434 2791 474 2823 et
501 2783 717 2821 Basileensi
744 2783 853 2818 iuxta
879 2780 1065 2816 ditionem
1095 2792 1179 2826 par-

230 2844 404 2890 ticipare.
438 2842 604 2876 Frustra
630 2842 768 2874 contra
796 2836 896 2872 tales
923 2835 1084 2870 iniurias
1111 2836 1180 2870 Ec-

227 2898 371 2934 clesiae
409 2897 538 2932 illatas
571 2894 807 2931 reclamavit
842 2896 881 2927 et
917 2889 1183 2937 expostulavit

230 2951 468 3000 apostolicus
501 2950 537 2985 in
572 2948 755 2985 Helvetia
785 2945 979 2986 Nuntius,
1010 2944 1071 2991 qui
1105 2955 1178 2979 non

231 3018 308 3042 una
333 3006 419 3042 vice
448 3016 471 3041 a
497 3016 568 3040 sua
595 3003 687 3039 sede
715 3000 904 3038 abscessit
934 2998 1183 3035 reclamatio-

232 3061 290 3096 nis
317 3071 449 3095 causa.
482 3059 574 3094 Pius
595 3058 664 3104 Pp.
689 3057 739 3092 lX
769 3055 889 3091 semel
911 3059 946 3091 et
977 3054 1116 3090 iterum
1147 3053 1180 3087 in

231 3114 480 3151 Consistoriis
509 3112 556 3149 ad
573 3111 810 3148 Vaticanum
838 3109 981 3146 habitis
1007 3107 1180 3143 dolorcni

279 3221 283 3239 ¹
311 3221 350 3250 Dc
378 3220 424 3250 liis
453 3218 557 3249 fusius
587 3217 692 3257 legere
721 3216 808 3247 iuvat
824 3212 1105 3253 Cretinenu-Joly,
1125 3211 1182 3243 Ili-

231 3266 332 3297 stone
350 3265 393 3296 clu
415 3263 650 3301 Sonderhuncl,
669 3261 688 3293 ί2
710 3262 785 3293 ioll.
810 3263 839 3293 in
860 3260 910 3299 δ”,
933 3259 1021 3291 Puris
1047 3258 1142 3289 1850.

554 159 719 188 EPOCHA
740 160 829 187 X111.
857 162 883 185 A
904 158 1089 185 PVBLICA
1110 157 1259 185 RERVM
1281 158 1321 184 ΙΝ
1346 158 1518 185 GALLIIS
1537 157 1829 186 SVBVERSIONE

1223 235 1334 260 suum
1361 224 1408 259 de
1437 223 1567 269 malis,
1595 224 1732 271 quibus
1758 226 1899 273 religio
1925 225 2122 262 catholica
2138 225 2179 261 in

1223 279 1413 314 Helvetia
1431 278 1696 324 affligebatur,
1716 279 1991 316 Cardinalibus
2009 291 2180 316 commu—

1223 332 1383 368 nicavit.
1411 332 1586 368 Litteras
1608 332 1729 368 etiam
1749 333 1786 368 in
1805 333 1932 370 forma
1957 332 2099 370 Brevis
2115 332 2179 370 de-

1224 386 1281 422 dit
1300 385 1348 422 ad
1368 386 1586 433 Episcopos
1605 386 1812 423 Helvetiae
1833 388 1870 423 in
1889 388 2027 435 quibus
2041 398 2180 424 eorum

1226 443 1265 476 et
1292 440 1393 476 cleri
1419 439 1478 476 eis
1504 440 1667 476 subiecti
1688 441 1813 477 zelum
1834 441 2033 485 laudabat,
2050 445 2091 478 et
2107 441 2181 477 sol-

1226 493 1471 530 licitudinem
1507 505 1577 541 pro
1605 494 1825 531 catholicae
1854 495 1947 531 fidei
1971 505 2181 532 conserva·

1227 549 1333 584 tione
1366 549 1580 584 excitabat.
1617 548 1720 589 Quin
1753 548 1831 584 imo
1859 550 1944 597 ⁸ipse
1977 549 2182 586 Romanus

1229 602 1411 639 Pontifex
1432 603 1656 639 Directorio
1679 602 1888 654 Foederssli
1906 602 2115 639 Helvetico
2133 603 2182 639 E-

1227 657 1412 704 pistolam
1441 658 1614 705 scripsit,
1643 657 1681 693 in
1701 658 1839 705 quibus
1864 657 2077 694 damnabat
2102 658 2182 693 iam

1227 716 1346 748 antea
1362 712 1565 760 expositas
1579 711 1866 755 doctrinas,ius
1883 711 2182 749 catholicorum

1227 767 1264 801 in
1291 767 1477 803 Helvetia
1504 766 1721 802 laedentes.
1749 767 1790 802 ln
1817 765 2057 803 Consistorio
2083 777 2182 802 vero

1226 820 1304 857 diei
1333 821 1378 857 26
1409 821 1487 856 iulii
1517 821 1608 857 1855
1643 820 1746 856 haud
1780 820 1906 869 potuit
1930 820 2020 868 quin
2048 820 2180 868 palam

1229 875 1460 922 publiceque
1487 886 1535 910 ac
1565 875 1795 911 solemniori
1826 874 1942 910 modo
1972 884 2066 911 suas
2091 885 2183 921 que-

1229 929 1333 965 relas
1360 934 1400 965 et
1426 929 1763 977 expostulationes
1790 928 2032 976 protulisset,
2059 927 2182 964 aiens:

1227 996 1246 1017 (ι
1266 983 1351 1019 Nos
1377 983 1469 1030 angi
1497 983 1748 1030 aegritudine
1775 984 1823 1019 ob
1851 982 2184 1019 luctuosissimum

1227 1049 1322 1074 sane
1348 1040 1513 1081 statum,
1542 1037 1591 1073 ad
1618 1049 1732 1085 quem
1761 1037 1925 1074 redacta
1942 1041 2003 1073 est
2020 1036 2182 1073 sanctis·
2229 1068 2232 1071 .

1227 1091 1326 1127 sima
1352 1096 1491 1128 nostra
1518 1092 1659 1138 religio
1686 1092 1726 1127 in
1754 1092 1968 1135 Helvetia,
1994 1102 2042 1127 ac
2068 1101 2180 1137 prae-

1226 1147 1380 1190 sertim,
1409 1147 1507 1193 proh
1533 1146 1668 1182 dolor!
1695 1147 1733 1182 in
1761 1145 1992 1193 quibusdam
2024 1145 2184 1192 potiori-

1231 1201 1299 1236 bus
1326 1200 1531 1237 catholicis
1558 1211 1697 1236 earum
1729 1199 2025 1236 foederatarum
2055 1199 2186 1247 regio-

1229 1267 1322 1291 num
1351 1255 1477 1302 pagis.
1505 1255 1688 1302 Namque
1715 1255 1766 1290 ibi
1794 1258 1835 1291 et
1864 1254 2084 1292 catholicae
2111 1255 2185 1290 Ec-

1227 1311 1371 1347 clesiae
1401 1315 1578 1357 potestas
1595 1339 1603 1354 ‚
1631 1314 1750 1358 atque
1776 1310 1940 1346 libertas
1965 1320 2158 1358 oppressa
2174 1337 2183 1353 ‚

1226 1370 1267 1403 et
1293 1366 1580 1413 Episcoporum
1602 1394 1610 1409 ,
1649 1370 1890 1412 sanctaeque
1923 1365 2036 1401 huius
2071 1364 2185 1402 Sedis

1227 1423 1459 1470 proculcata
1497 1421 1713 1457 auctoritas
1735 1448 1743 1464 ,
1783 1423 1825 1457 et
1859 1420 2102 1457 matrimonii
2137 1431 2184 1456 ac

1227 1476 1484 1514 iurisiurandi
1511 1475 1702 1513 sanctitas
1728 1476 1877 1512 violata
1902 1479 1943 1512 et
1969 1479 2116 1523 spreta,
2145 1478 2186 1511 et

1226 1531 1294 1570 Cle
1303 1531 1475 1568 ricorum
1495 1530 1722 1567 Seminaria
1739 1541 1786 1566 ac
1799 1529 2095 1577 Religiosarum
2110 1529 2186 1566 Fa-

1228 1586 1430 1622 miliarum
1464 1585 1668 1623 Coenobia
1702 1584 1763 1621 vel
1797 1584 1953 1631 penitus
1984 1584 2184 1628 extincta,

1225 1641 1289 1677 vel
1318 1640 1446 1676 civilis
1466 1639 1676 1687 potestatis
1696 1638 1862 1675 arbitrio
1881 1638 2042 1675 omnino
2060 1637 2184 1675 subie-

1227 1699 1290 1731 cta
1312 1724 1320 1738 ,
1347 1701 1386 1731 et
1411 1694 1695 1731 beneficiorum
1726 1692 1886 1729 collatio
1914 1696 2030 1741 atque
2061 1691 2186 1730 eccle-

1227 1749 1391 1786 siastica
1419 1749 1521 1784 bona
1547 1751 1762 1795 usurpata,
1791 1750 1831 1784 et
1857 1747 2074 1783 catholicus
2100 1747 2186 1787 Cle-

1229 1815 1295 1839 rus
1322 1802 1591 1840 miserandum
1622 1802 1661 1837 in
1692 1801 1851 1838 modum
1884 1801 2112 1849 exagitatus
2139 1811 2186 1837 ac

1227 1857 1434 1894 divexatus
1460 1870 1494 1892 »-

1274 1912 1501 1953 Enimvero,
1523 1911 1598 1947 illis
1614 1911 1656 1947 in
1674 1909 1793 1947 terris
1806 1938 1814 1954 ‚
1834 1909 1873 1945 in
1899 1908 2036 1957 quibus
2062 1909 2184 1945 homi-

1226 1978 1297 2002 nes
1323 1966 1372 2002 ad
1396 1966 1532 2002 varias
1558 1965 1814 2012 diversasque
1842 1964 2024 2000 nationes
2050 1966 2090 2000 et
2109 1963 2182 2000 Re-

1225 2021 1383 2067 ligionis
1401 2020 1670 2067 professiones
1686 2018 1898 2067 pertinent,
1913 2016 2116 2054 dissidium
2132 2017 2183 2053 ci-

1224 2074 1300 2110 vile
1327 2078 1368 2110 et
1395 2074 1628 2120 religiosum
1656 2072 1784 2120 magis
1803 2071 2055 2119 personalem
2075 2071 2186 2118 cupi—

1226 2128 1390 2165 ditatem
1411 2128 1493 2171 alit,
1514 2133 1552 2164 et
1570 2128 1795 2164 diuturnum
1818 2126 1962 2163 bellum
1989 2125 2183 2162 unitatem

1226 2183 1333 2219 illam
1363 2183 1562 2230 politicam
1592 2181 1723 2225 laedit,
1743 2191 1843 2228 quae
1871 2180 1908 2215 in
1938 2190 2072 2216 rerum
2090 2179 2182 2215 civi-

1227 2237 1318 2273 lium
1347 2236 1643 2283 perturbatione
1671 2236 1806 2271 Status
1832 2233 2074 2281 integritatis
2095 2244 2182 2281 pro-

1229 2291 1492 2339 pugnaculum
1520 2289 1733 2326 constituit·
1754 2288 1889 2329 Quare
1916 2298 1963 2324 eo
1991 2288 2090 2335 ipso,
2108 2299 2183 2336 quo

1226 2345 1425 2393 gradatim
1455 2356 1519 2381 res
1554 2344 1591 2380 in
1620 2343 1761 2380 melius
1793 2345 1970 2379 mutatae
1997 2342 2184 2386 fuerunt,

1228 2399 1414 2436 nonnulla
1440 2411 1489 2436 ex
1514 2399 1573 2435 liis
1600 2409 1699 2446 quae
1726 2398 1766 2434 in
1793 2397 2104 2434 commotionum
2122 2407 2185 2434 ar-

1227 2455 1322 2491 dore
1353 2455 1513 2491 fuerant
1539 2454 1724 2496 decreta,
1751 2453 1899 2489 sensim
1931 2456 2083 2489 mutata
2113 2456 2183 2489 aut

1229 2514 1453 2557 temperata
1478 2513 1579 2545 sunt.
1603 2509 1713 2555 Ipsae
1733 2507 1969 2543 vexationes
1992 2506 2030 2542 in
2050 2506 2182 2544 catho-

1229 2563 1312 2600 licis
1339 2564 1538 2600 fervorem
1566 2562 1802 2598 excitarunt.
1834 2560 1891 2597 lta
1916 2560 1954 2596 in
1983 2560 2178 2604 Vallensi,

1230 2617 1506 2665 Fribuigensi,
1534 2617 1698 2663 aliisque
1726 2614 2026 2652 Foederationis
2053 2615 2179 2663 pagis,

1231 2673 1338 2719 loges
1366 2673 1471 2708 latae
1500 2676 1592 2707 sunt
1618 2670 1757 2718 quibus
1775 2668 1978 2705 erroribus
2003 2668 2183 2706 medeba-

1232 2732 1293 2762 tur
1311 2727 1525 2762 aRomano
1546 2725 1737 2761 Pontilice
1755 2723 1976 2767 damnatis3
1995 2723 2096 2759 bona
2112 2724 2183 2760 Ec-

1231 2781 1455 2817 clesiastica
1482 2779 1651 2816 nondum
1678 2777 1880 2815 divendita
1909 2777 2079 2814 dominis
2105 2778 2184 2815 suis

1233 2835 1510 2877 reddebantur,
1526 2839 1569 2870 ut
1584 2833 1762 2870 securius
1777 2831 2182 2869 administrarenturl.

1233 2890 1272 2925 ln
1293 2890 1386 2936 ipsis
1406 2889 1523 2926 terris
1543 2887 1851 2925 protestantium
1873 2887 2018 2933 templa
2041 2885 2185 2924 Catho-
2239 2888 2241 2897 ¹

1234 2944 1307 2979 lira
1325 2943 1528 2991 splendide
1545 2942 1804 2979 exaedificata
1819 2946 1920 2983 sunt;
1933 2939 2094 2987 proinde
2110 2951 2183 2977 nec

1234 2998 1373 3033 iniruni
1402 2998 1432 3033 si
1463 3010 1563 3033 nunc
1593 2997 1630 3031 in
1658 2995 1842 3032 Helvetia
1867 2994 2024 3036 972‚000
2051 2994 2183 3031 catho-

1233 3051 1311 3092 lici,
1331 3057 1369 3087 ct
1393 3052 1504 3094 11‚050
1525 3049 1745 3098 presbyteri
1772 3053 2068 3084 enumerantur.

1278 3106 1337 3140 (55.
1365 3104 1515 3141 sedicio
1543 3105 1581 3140 ln
1611 3102 1751 3139 Gallia
1779 3124 1814 3129 -
1839 3102 1950 3137 Anno
1979 3100 2070 3138 1830
2096 3101 2182 3138 dira

1283 3213 1286 3231 ¹
1308 3211 1434 3250 lagos-is
1449 3209 1493 3242 La
1508 3210 1648 3243 Scianw
1665 3220 1679 3242 c
1694 3211 1726 3242 la
1740 3209 1837 3244 lev,
1852 3206 2053 3245 voltxxxtv,
2072 3213 2178 3244 xxxv,

1238 3265 1382 3294 xxxviii,
1404 3266 1530 3298 passim.
