2241 3473
546 192 671 226 VSQVE
698 193 751 221 An
777 192 1088 220 CONVERSIONEM
1116 193 1377 221 CONSTANTINI
1407 194 1448 221 M.

82 259 143 298 15.
159 259 450 307 Antonimpro
470 259 714 298 Christianis
731 260 973 307 rescriptum

34 335 87 342 —
100 312 320 351 Antoninus
341 313 554 361 imperator
582 313 655 351 hae
675 310 973 350 christianorum

36 365 257 404 defensione
269 365 393 404 factus
405 377 500 416 erga
511 378 575 404 eos
586 364 796 414 benignior,
808 363 974 413 primum

35 418 75 458 in
95 417 279 467 rescripto
298 419 346 456 ad
368 419 538 456 Graecos
558 419 648 457 dat-o
662 447 672 464 ,
691 427 807 465 supra
827 428 972 454 memo-

37 473 165 509 ratum
186 471 373 509 Hadriani
401 472 594 510 decretum
623 469 820 508 observari
850 469 973 507 iussit.

37 524 147 566 Quod
161 536 251 562 cum
267 537 341 562 non
363 524 573 570 sufficeret,
593 524 668 561 imo
689 534 777 560 cum
797 525 884 571 post
903 525 977 560 ter-

37 589 102 615 rae
123 580 271 615 motum
286 607 294 623 ,
310 590 384 626 quo
404 577 532 627 plures
553 577 669 614 urbes
697 586 856 613 eversae
885 574 974 612 fuc-

37 631 137 676 rant,
166 630 306 668 ethnici
327 631 365 668 in
382 631 474 668 Asia
493 629 631 667 minori
651 631 785 666 contra
803 628 977 666 christia-

38 695 106 720 nos
126 684 233 732 quasi
255 682 606 722 calamitatisistius
622 684 799 719 auctores
819 683 976 730 propter

37 736 204 774 suumin
220 737 311 774 deos
326 737 466 782 odium,
483 735 747 772 crudelissime
764 734 975 779 saevirent,

37 789 251 838 imperator
265 789 402 826 horum
418 787 697 837 supplicatione
712 788 916 837 permotus,
928 787 974 823 ad

38 842 218 880 civitates
237 841 430 880 Asiaticas
447 841 613 889 scripsit,
628 852 675 878 ne
695 840 780 889 quis
795 839 976 877 christia-

38 905 107 932 nos
125 894 245 932 solius
270 893 467 943 religionis
494 905 613 931 causa
642 896 805 931 vexaret
833 894 901 930 aut
928 892 976 929 ad

39 946 203 985 iudicem
220 946 389 985 deferret
405 944 429 985 ¹.
441 947 501 984 Ex
516 958 589 996 quo
605 949 778 995 tempore
795 945 978 994 tranquil-

37 999 111 1037 lior
130 999 204 1037 fuit
221 999 418 1038 Ecclesiae
438 1002 574 1037 status.

50 1068 54 1071 ·
95 1052 155 1090 16.
176 1053 401 1102 Relzyz'onis
421 1052 832 1101 propayatz'o—Post
851 1052 976 1089 Anto-

41 1104 121 1142 nini
141 1105 388 1154 imperatoris
409 1106 446 1143 in
477 1105 649 1143 savorem
680 1104 977 1142 christianorum

40 1158 229 1208 rescripta
256 1159 379 1208 magis
409 1158 605 1208 magisque
633 1158 844 1196 christiana
863 1157 979 1194 Fides

38 1214 251 1261 propagata
271 1211 356 1249 fuit.
378 1213 459 1249 Iam
480 1224 554 1249 non
578 1214 732 1249 tantum
762 1211 801 1259 in
829 1210 980 1259 imperii

39 1263 252 1313 provinciis
283 1265 350 1303 sed
379 1265 498 1302 etiam
526 1266 564 1302 in
593 1264 678 1302 aliis
705 1263 848 1312 regnis,
878 1264 979 1300 inter

39 1317 139 1366 ipsos
153 1317 311 1366 populos
328 1318 514 1355 barbaros
529 1317 746 1356 Ecclesiam
762 1315 904 1355 Christi
926 1315 981 1352 vi-

39 1371 182 1420 guisse,
201 1374 400 1408 testantur
419 1383 447 1408 s.
468 1370 639 1408 Iustinus
666 1374 705 1407 et
723 1381 752 1408 s.
772 1370 954 1407 Irenaeus
968 1398 978 1415 ,

40 1423 105 1473 qui
125 1423 196 1460 hoc
210 1423 292 1473 ipso
307 1423 475 1470 saeculo,
487 1425 604 1472 atque
621 1423 903 1469 Tertullianus,
916 1422 979 1470 qui

40 1476 111 1514 sub
135 1476 277 1514 saeculi
299 1478 411 1515 huius
430 1477 576 1514 exitum
598 1479 637 1514 et
656 1475 850 1524 sequentis
870 1475 980 1512 initia

40 1529 267 1568 floruerunt.
311 1531 533 1568 Secundum
577 1541 710 1567 eorum
757 1528 980 1566 testimonia

40 1581 217 1621 Christus
233 1582 432 1621 colebatur
446 1583 484 1620 in
496 1582 590 1620 Asia
605 1583 708 1620 inter
718 1581 981 1628 Palaestinae,

38 1634 178 1683 Syriae
207 1637 248 1673 et
267 1637 382 1674 Asiae
416 1635 570 1673 minoris
591 1635 737 1672 incolas
750 1665 758 1681 ,
780 1635 882 1672 inter
900 1635 981 1671 Ar-

41 1699 187 1733 menos,
197 1688 505 1738 Mesopotamios,
516 1688 695 1734 Parthos,
703 1688 836 1725 Medos
847 1690 886 1724 et
896 1687 983 1724 Ela-

42 1740 158 1778 niitas
174 1753 240 1778 seu
259 1742 422 1789 Persas3
438 1741 476 1778 in
491 1740 624 1778 Africa
640 1742 740 1778 inter
755 1741 981 1789 AEgyptios,

43 1793 208 1842 Lybios,
237 1794 420 1840 Getulos,
442 1795 621 1841 Mauros;
642 1795 679 1831 in
700 1794 855 1841 Europa
883 1793 984 1830 inter

42 1846 227 1884 Graeciae
247 1851 286 1885 et
305 1847 438 1885 Italiae
458 1846 638 1896 populos,
658 1846 759 1884 inter
778 1846 982 1894 Hispanos,

43 1899 201 1945 Gallos,
222 1900 455 1946 Germanos,
474 1900 702 1946 Britannos,
722 1900 868 1944 Dacos,
887 1899 982 1936 Sar-

41 1954 180 2000 matas,
200 1953 278 2002 Sc)
281 1953 385 2000 thas
406 1952 667 1991 Hamaxobios
686 1955 726 1989 et
744 1952 902 2000 populos
922 1963 984 1988 no-

43 2005 229 2051 madicos,
249 2006 441 2055 aliosque,
460 2017 623 2055 quorum
645 2018 692 2043 ne
713 2005 868 2042 nomina
897 2004 982 2052 qui-

43 2058 130 2096 dem
149 2059 243 2096 satis
264 2062 354 2097 nota
383 2061 504 2096 erant.
536 2059 601 2096 Sic
630 2070 658 2096 s.
680 2058 850 2095 Iustinus
871 2057 980 2094 dicit:

45 2111 143 2149 «Ne
171 2124 291 2149 unum
316 2113 469 2161 quidem
497 2114 556 2149 est
584 2123 707 2161 genus
735 2110 984 2156 mortalium,

43 2164 126 2202 sive
155 2165 409 2204 barbarorum
424 2195 433 2210 ,
459 2164 541 2202 sive
569 2175 816 2213 graecorum,
836 2164 918 2201 sive
939 2176 983 2200 e-

42 2217 136 2255 tiam
156 2218 319 2256 aliorum
339 2219 777 2266 omnium‚quocumque
794 2217 987 2266 appellen-

43 2272 109 2308 tur
135 2272 328 2309 nomine...
349 2271 449 2309 inter
479 2283 575 2319 quos
604 2282 671 2320 per
701 2282 840 2307 nomen
868 2269 986 2307 cruci-

44 2323 112 2360 fixi
133 2324 218 2362 Iesu
239 2325 536 2373 supplicationes
559 2326 597 2362 et
625 2323 841 2373 gratiarum
872 2322 988 2360 actio-

46 2388 114 2414 nes
133 2377 242 2414 Patri
263 2377 508 2415 fabbricatori
542 2389 674 2415 rerum
707 2376 881 2414 omnium
911 2389 984 2413 non

45 2427 164 2467 fiant²
176 2441 210 2467 >>.
224 2430 261 2467 S.
275 2431 461 2468 Irenaeus
473 2431 517 2468 de
534 2443 612 2468 una
624 2430 836 2478 eademque
849 2429 889 2466 in
905 2441 987 2466 om-

47 2482 158 2520 nibus
178 2483 348 2521 ecclesiis
363 2483 470 2531 Fide,
491 2495 646 2532 unaque
666 2483 838 2520 omnium
855 2482 988 2520 Tradi-

47 2534 152 2573 tione
173 2535 376 2582 disserens,
392 2537 465 2574 ait:
487 2549 509 2574 «
525 2537 607 2575 Etsi
627 2537 666 2574 in
686 2536 830 2573 mundo
861 2535 989 2583 loque-

45 2587 108 2625 lae
128 2587 333 2626 dissimiles
353 2593 457 2636 sunt,
468 2592 598 2627 tamen
617 2591 744 2627 virtus
763 2588 988 2626 traditionis

49 2652 125 2678 una
153 2644 193 2678 et
219 2641 354 2679 eadem
382 2646 450 2680 est.
481 2644 531 2680 Et
558 2654 681 2691 neque
711 2643 784 2679 hae
815 2654 913 2691 quae
948 2641 987 2678 in

47 2693 260 2732 Germania
295 2698 384 2732 sunt
410 2694 590 2733 fundatae
628 2695 814 2733 ecclesiae
832 2724 842 2742 ,
876 2694 988 2732 aliter

47 2747 222 2794 credunt,
238 2750 306 2785 aut
325 2747 438 2785 aliter
455 2748 629 2795 tradunt,
645 2760 772 2797 neque
792 2748 866 2786 hae
887 2760 988 2796 quae

48 2799 87 2836 in
106 2799 227 2838 Iberis
246 2802 349 2846 sunt,
368 2812 491 2849 neque
506 2801 577 2839 hae
597 2813 694 2850 quae
714 2802 754 2839 in
774 2801 905 2847 Celtis,
925 2813 987 2838 ne-

49 2863 124 2902 que
152 2853 226 2891 hae
254 2865 353 2903 quae
381 2853 418 2890 in
448 2853 625 2900 Oriente,
647 2866 771 2904 neque
795 2854 869 2892 hae
894 2865 990 2903 quae

49 2905 87 2942 in
107 2906 303 2956 AEgypto,
323 2918 449 2955 neque
469 2907 540 2944 hae
569 2910 674 2956 quae'
696 2908 735 2945 in
756 2907 899 2957 Lybia,
923 2918 990 2944 ne-

51 2969 123 3006 que
144 2959 214 2996 hae
234 2971 331 3008 quae
357 2960 395 2996 in
425 2960 550 2997 medio
577 2961 706 2998 mundi
737 2963 828 2998 sunt
855 2960 991 2998 consti-

49 3010 180 3049 tutae³
195 3012 517 3060 ».Tertullianus‚
540 3024 562 3050 ‹<
578 3013 758 3051 Hesterni
774 3025 921 3061 sumus,
938 3014 991 3050 in-

51 3166 72 3202 ¹
86 3126 347 3205 ὗιὶιέυεεῑί.4ῌὶετ.
363 3128 434 3159 eccl.
448 3128 466 3158 1
481 3128 526 3167 lv,
540 3137 566 3159 c.
580 3126 788 3167 1⁵2‚13et26;
802 3128 890 3161 Oros.
899 3128 990 3160 Hist.

163 3178 179 3199 c

91 3207 107 3230 ²
120 3208 252 3250 Dialoy
269 3220 347 3242 cum
367 3210 534 3252 Triphon.

92 3248 106 3272 ³
123 3250 154 3282 L.
174 3250 198 3289 1,
215 3261 242 3284 c.
259 3251 307 3284 10.

1847 184 1899 222 39

1015 259 1112 307 quit,
1141 261 1181 298 et
1209 263 1339 298 vostra
1367 259 1496 297 omnia
1523 258 1793 309 implevimus,
1812 259 1951 307 urbes,

1015 311 1174 359 insulas,
1185 313 1354 360 castella,
1369 312 1593 362 municipia,
1611 312 1880 358 conciliabula,
1891 324 1952 350 ca-

1016 367 1099 403 stra
1117 365 1212 415 ipsa,
1231 367 1367 412 tribus,
1387 365 1584 411 decurias,
1603 364 1789 414 palatium
1803 395 1813 412 ,
1833 377 1951 404 sena-

1016 420 1119 464 tum,
1150 419 1285 456 forum.
1314 419 1405 456 Sola
1433 418 1540 456 vobis
1569 418 1822 467 relinquimus
1849 420 1950 456 tem-

1017 471 1078 520 pla
1097 469 1106 490 ¹
1128 483 1162 508 ›>.
1184 471 1235 508 Et
1253 472 1440 509 adversus
1462 473 1622 509 Iudaeos
1641 471 1856 520 disputans,
1873 472 1949 509 «In

1017 536 1129 572 quem
1149 524 1280 570 alium,
1301 524 1368 569 ait,
1390 524 1593 562 universae
1613 526 1748 573 gentes
1777 524 1951 562 credide-

1017 579 1130 623 runt,
1150 577 1222 614 nisi
1251 577 1290 613 in
1320 576 1515 614 Christum
1543 577 1607 626 qui
1627 577 1705 615 iam
1726 577 1862 615 venit?
1883 578 1951 615 Cui

1015 630 1114 666 enim
1145 633 1184 667 et
1212 629 1312 667 aliae
1342 631 1475 678 gentes
1504 631 1772 678 crediderunt3
1793 630 1953 676 Parthi,

1017 683 1142 729 Medi,
1163 682 1378 728 Elamitae3
1399 686 1438 720 et
1456 683 1519 732 qui
1540 683 1758 721 inhabitant
1780 684 1956 732 Mesopo-

1015 735 1188 781 tamiam,
1221 736 1457 782 Armeniam,
1492 736 1718 785 Phrygiam,
1748 737 1952 786 Cappado-

1016 789 1127 835 ciam;
1137 791 1177 826 et
1186 787 1395 826 incolentes
1407 788 1629 834 Pontum,et
1637 790 1783 835 Asiam,
1793 794 1832 826 et
1844 790 1955 827 Pam-

1017 841 1211 890 phyliam;
1236 841 1483 879 immorantes
1502 841 1724 890 AEgyptum
1737 872 1746 888 ,
1767 845 1805 879 et
1823 842 1954 890 regio-

1017 906 1102 932 nem
1123 893 1279 931 Africae
1306 906 1404 942 quae
1434 897 1492 932 est
1516 896 1627 932 trans
1646 894 1822 943 Cyrenen
1851 895 1956 932 inha-

1017 947 1184 985 bitantes
1199 947 1368 984 Romani
1390 949 1430 984 et
1449 946 1616 993 incolae3
1632 949 1726 984 tunc
1754 950 1794 984 et
1813 948 1851 984 in
1869 947 1957 984 Hie-

1017 1000 1188 1037 rusalem
1209 1000 1362 1045 Iudaei,
1382 1003 1422 1037 et
1445 1003 1621 1038 caeterae
1641 1003 1797 1048 gentes,
1818 1004 1860 1037 ut
1879 1001 1957 1037 iam

1019 1053 1248 1090 Getulorum
1269 1053 1480 1091 varietates
1494 1083 1503 1099 ,
1529 1056 1569 1090 et
1587 1052 1814 1091 Maurorum
1844 1053 1957 1090 multi

1017 1106 1134 1153 fines3
1155 1106 1430 1155 Hispaniarum
1451 1118 1582 1144 omnes
1611 1105 1779 1152 termini,
1800 1108 1840 1142 et
1860 1106 1956 1143 Gal-

1017 1159 1159 1197 liarum
1179 1160 1356 1197 diversae
1387 1159 1587 1205 nationes,
1614 1161 1654 1196 et
1681 1159 1958 1196 Britannorum

1018 1213 1215 1251 inaccessa
1234 1212 1420 1250 Romanis
1445 1212 1549 1259 loca,
1571 1212 1725 1250 Christo
1754 1223 1845 1249 vero
1874 1212 1958 1249 sub-

1020 1266 1125 1313 dita3
1153 1268 1191 1303 et
1218 1265 1499 1311 Sarmatarum,
1518 1268 1558 1303 et
1584 1265 1790 1312 Dacorum,
1810 1267 1849 1301 et
1869 1265 1965 1301 Ger-

1018 1330 1235 1365 manorum,
1247 1321 1286 1356 et
1306 1319 1559 1367 Scytharum,
1571 1320 1611 1356 et
1626 1319 1845 1356 abditarum
1861 1317 1957 1355 mul-

1020 1375 1149 1410 tarum
1178 1372 1354 1421 gentium
1369 1370 1384 1393 ²
1400 1384 1435 1410 ».

1074 1425 1173 1462 Tam
1192 1424 1396 1473 explorata
1415 1427 1503 1462 erat
1523 1424 1700 1463 omnibus
1728 1423 1863 1461 celeris
1892 1435 1965 1472 per

1021 1478 1153 1515 orbem
1172 1478 1406 1515 christianae
1425 1477 1643 1526 Religionis
1663 1476 1906 1527 propagatio,
1921 1478 1964 1513 ut

1021 1543 1148 1577 nemo,
1168 1531 1249 1569 sive
1269 1543 1290 1568 e
1309 1531 1461 1569 Iudaeis
1481 1531 1562 1568 sive
1582 1544 1602 1569 e
1623 1531 1814 1581 gentibus,
1837 1530 1963 1567 Iusti—

1021 1585 1075 1630 ni,
1094 1584 1245 1622 Irenaei
1265 1586 1334 1622 aut
1353 1584 1586 1622 Tertulliani
1606 1585 1839 1622 assertiones
1863 1582 1967 1620 frau-

1022 1637 1080 1675 dis
1112 1637 1291 1675 incusare
1319 1648 1436 1675 ausus
1468 1637 1598 1675 fuerit.
1625 1638 1770 1675 Contra
1798 1636 1965 1673 celerri-

1022 1703 1125 1728 mam
1146 1691 1359 1740 Religionis
1381 1691 1700 1739 propagationem
1735 1689 1967 1727 confirmant

1024 1744 1094 1791 ipsi
1114 1744 1319 1792 scriptores
1339 1743 1502 1781 ethnici:
1525 1744 1695 1781 testatur
1711 1743 1882 1788 Tacitus,
1901 1742 1970 1779 im-

1024 1798 1184 1844 perante
1201 1797 1379 1843 Nerone,
1400 1797 1440 1833 in
1462 1797 1543 1834 sola
1567 1798 1661 1833 urbe
1678 1797 1804 1833 Roma
1823 1795 1967 1844 ingen-

1024 1852 1102 1886 tem
1115 1849 1230 1887 fuisse
1242 1849 1540 1887 christianorum
1553 1849 1878 1886 multitudinem.
1852 1824 1887 1870 ³0
1893 1847 1968 1885 Pli-

1024 1903 1110 1939 nius
1130 1903 1165 1939 II
1187 1902 1234 1939 ad
1256 1902 1471 1939 'lraianum
1492 1903 1770 1952 impeiatorem
1790 1903 1836 1939 de
1858 1900 1967 1939 chri-

1023 1955 1156 1992 stianis
1172 1955 1247 1992 ait:
1264 1955 1391 1993 «Visa
1406 1958 1464 1993 est
1483 1956 1576 1992 mihi
1596 1967 1659 1993 ies
1681 1954 1967 1992 consultatione

1025 2007 1264 2056 dignissima,
1286 2009 1455 2046 maxime
1474 2011 1633 2058 propter
1653 2007 1969 2057 periclitantium

1024 2073 1245 2106 numerum3
1261 2062 1375 2099 multi
1395 2062 1498 2099 enim
1519 2062 1643 2100 omnis
1664 2061 1819 2107 aetatis,
1840 2059 1966 2098 omnis

1026 2114 1181 2161 ordinis,
1202 2114 1400 2164 utriusque
1420 2127 1560 2162 sexus,
1576 2114 1695 2152 etiam
1714 2116 1904 2152 vocantur
1925 2113 1965 2150 in

1026 2167 1268 2216 periculum;
1294 2180 1419 2216 neque
1448 2169 1551 2206 enim
1580 2168 1756 2206 civitates
1787 2169 1968 2212 tantum,

1027 2221 1094 2259 sed
1114 2221 1219 2258 vicos
1247 2222 1366 2258 etiam
1385 2224 1501 2270 atque
1523 2233 1637 2270 agros
1650 2251 1659 2268 ,
1681 2219 1970 2270 superstitionis

1027 2274 1138 2311 istius
1159 2275 1337 2323 contagio
1361 2274 1442 2325 (ita
1462 2274 1714 2314 christianam
1739 2274 1970 2324 religionem

1028 2325 1224 2377 appellat)
1246 2331 1463 2377 pervagata
1483 2331 1541 2366 est
1554 2327 1568 2349 ‘¹
1586 2339 1621 2366 ».

1080 2380 1244 2418 Divinae
1265 2383 1369 2418 certo
1390 2381 1657 2430 providentiae
1679 2393 1773 2430 opus
1793 2382 1872 2427 est,
1893 2391 1966 2416 na-

1027 2436 1196 2471 scentem
1216 2434 1444 2481 Ecclesiam,
1460 2434 1552 2472 licet
1576 2435 1811 2472 Iudaeorum
1832 2436 1870 2471 et
1888 2432 1969 2470 eth-

1029 2486 1202 2524 nicorum
1219 2486 1333 2525 furiis
1349 2488 1549 2536 agitatam,
1563 2488 1664 2536 philo
1673 2488 1880 2536 sophorum
1897 2485 1973 2523 dic-

1027 2539 1136 2577 teriis
1148 2552 1193 2577 ac
1207 2540 1488 2579 haereticorum
1500 2542 1677 2590 perfidiis
1693 2543 1970 2589 oppugnatam,

1029 2593 1265 2630 foecundiori
1286 2606 1438 2642 semper
1466 2594 1680 2643 propagine
1708 2593 1826 2631 fuisse
1856 2591 1971 2633 diffu-

1030 2658 1124 2683 sam.
1150 2647 1296 2685 Contra
1324 2647 1565 2685 ethnicorum
1594 2658 1704 2684 sacra
1731 2645 1992 2694 christianae,

1030 2699 1207 2737 veritatis
1236 2711 1379 2738 aurora
1404 2700 1512 2749 quasi
1532 2700 1691 2738 fulmine
1711 2699 1875 2737 coelitus
1899 2698 1967 2735 de-

1029 2753 1144 2791 misso
1165 2755 1360 2802 quassata,
1378 2756 1418 2791 et
1437 2753 1723 2791 haereticorum
1743 2754 1886 2798 sectae,
1908 2749 1974 2788 ubi

1032 2806 1136 2843 nasci
1156 2806 1400 2853 videbantur,
1415 2807 1454 2843 in
1474 2806 1646 2844 diversas
1665 2817 1757 2844 mox
1784 2805 1975 2844 factiones

1031 2859 1306 2908 interitumque
1326 2860 1495 2908 dilapsae
1514 2861 1618 2898 sunt.

1076 2962 1084 2983 ¹
1104 2964 1237 3003 Apoloy.
1257 2973 1282 2994 c,
1300 2961 1346 2993 37.

1072 3005 1086 3026 2
1103 3007 1132 3035 L.
1151 3005 1284 3036 advers.
1301 3003 1458 3041 Iudaeos,
1477 3014 1502 3036 c.
1521 3003 1546 3034 7.
1561 3003 1598 3034 Cs
1611 3005 1639 3036 C.
1657 3005 1677 3035 1.
1695 3004 1871 3041 Ansaldun„
1889 3003 1978 3034 Mul-

1035 3046 1149 3077 titudo
1175 3045 1336 3076 maxima
1363 3055 1483 3076 eorum
1512 3045 1574 3084 qui
1597 3045 1780 3086 prioribus
1807 3045 1978 3076 Ecclesiae

1033 3087 1183 3119 saeculzs
1208 3086 1442 3117 christianam
1466 3086 1683 3126 Reliyionem
1700 3086 1857 3127 professi
1880 3093 1978 3124 sunt,

1034 3127 1411 3168 August.Tau1-in.1765;
1426 3129 1447 3159 l.
1463 3130 1490 3159 L
1505 3129 1637 3169 Selvag‚
1651 3128 1821 3168 Antiquit.
1837 3127 1908 3159 chr.
1921 3129 1940 3158 l.
1953 3127 1977 3165 I,

1034 3180 1058 3202 e
1074 3152 1110 3200 Ξ·
1102 3170 1146 3208 ,.1
1165 3169 1195 3199 B.
1212 3169 1326 3205 Palma,
1340 3168 1510 3201 Praelect.
1527 3170 1607 3202 hist.
1624 3171 1698 3202 eccl.
1711 3173 1730 3201 t.
1744 3170 1767 3209 I,
1780 3172 1858 3210 part.
1872 3169 1897 3208 1,
1910 3179 1935 3201 c.
1949 3167 1976 3199 3.

1074 3209 1228 3241 ³Annal
1245 3210 1262 3240 l.
1281 3210 1343 3247 XV,
1359 3219 1384 3241 c.
1401 3209 1463 3242 44..

1075 3251 1088 3274 ⁴
1105 3253 1134 3283 L.
1154 3252 1178 3282 X
1194 3250 1290 3293 Epist.
1307 3251 1356 3283 97.
