<?xml version="1.0" encoding="UTF-8"?>
<!DOCTYPE html PUBLIC "-//W3C//DTD XHTML 1.0 Transitional//EN"
    "http://www.w3.org/TR/xhtml1/DTD/xhtml1-transitional.dtd">
<html xmlns="http://www.w3.org/1999/xhtml" xml:lang="en" lang="en">
 <head>
  <title>
</title>
<meta http-equiv="Content-Type" content="text/html;charset=utf-8" />
  <meta name='ocr-system' content='tesseract 3.04.00' />
  <meta name='ocr-capabilities' content='ocr_page ocr_carea ocr_par ocr_line ocrx_word'/>
</head>
<body>
  <div class='ocr_page' id='page_1' title='image "./historiaeecclesi01wout_0558.png"; bbox 0 0 2241 3473; ppageno 0'>
   <div class='ocr_carea' id='block_1_1' title="bbox 268 121 345 161">
    <p class='ocr_par' dir='ltr' id='par_1_1' title="bbox 268 121 345 161">
     <span class='ocr_line' id='line_1_1' title="bbox 268 121 345 161; baseline 0 0"><span class='ocrx_word' id='word_1_1' title='bbox 268 121 345 161; x_wconf 83' lang='lat'>236</span> 
     </span>
    </p>
   </div>
   <div class='ocr_carea' id='block_1_2' title="bbox 201 195 1158 3052">
    <p class='ocr_par' dir='ltr' id='par_1_2' title="bbox 214 195 1155 290">
     <span class='ocr_line' id='line_1_2' title="bbox 214 195 1155 247; baseline -0.001 -11"><span class='ocrx_word' id='word_1_2' title='bbox 214 199 349 236; x_wconf 82' lang='lat' dir='ltr'>dez‘an.</span> <span class='ocrx_word' id='word_1_3' title='bbox 371 197 705 247; x_wconf 82' lang='lat' dir='ltr'>1794‚improbaru</span> <span class='ocrx_word' id='word_1_4' title='bbox 712 197 765 244; x_wconf 87' lang='lat' dir='ltr'>nt,</span> <span class='ocrx_word' id='word_1_5' title='bbox 775 197 1032 244; x_wconf 87' lang='lat' dir='ltr'>eassarunt,et</span> <span class='ocrx_word' id='word_1_6' title='bbox 1043 195 1155 235; x_wconf 86' lang='lat' dir='ltr'>irrita</span> 
     </span>
     <span class='ocr_line' id='line_1_3' title="bbox 215 250 512 290; baseline -0.01 0"><span class='ocrx_word' id='word_1_7' title='bbox 215 252 466 290; x_wconf 86' lang='lat' dir='ltr'>declararunt</span> <span class='ocrx_word' id='word_1_8' title='bbox 488 250 512 288; x_wconf 86' lang='lat'>¹.</span> 
     </span>
    </p>

    <p class='ocr_par' dir='ltr' id='par_1_3' title="bbox 202 303 1158 1969">
     <span class='ocr_line' id='line_1_4' title="bbox 266 303 1155 353; baseline -0.001 -11"><span class='ocrx_word' id='word_1_9' title='bbox 266 305 419 342; x_wconf 87' lang='lat' dir='ltr'>Novam</span> <span class='ocrx_word' id='word_1_10' title='bbox 441 304 656 341; x_wconf 78' lang='lat' dir='ltr'><strong>molestiam</strong></span> <span class='ocrx_word' id='word_1_11' title='bbox 685 303 905 342; x_wconf 90' lang='lat' dir='ltr'>Ludovicus</span> <span class='ocrx_word' id='word_1_12' title='bbox 926 303 1023 341; x_wconf 86' lang='lat' dir='ltr'>XIV</span> <span class='ocrx_word' id='word_1_13' title='bbox 1042 304 1155 353; x_wconf 89' lang='lat' dir='ltr'>paulo</span> 
     </span>
     <span class='ocr_line' id='line_1_5' title="bbox 213 357 1156 407; baseline -0.002 -11"><span class='ocrx_word' id='word_1_14' title='bbox 213 360 298 407; x_wconf 89' lang='lat' dir='ltr'>post</span> <span class='ocrx_word' id='word_1_15' title='bbox 326 358 459 395; x_wconf 91' lang='lat' dir='ltr'>intulit</span> <span class='ocrx_word' id='word_1_16' title='bbox 478 358 700 395; x_wconf 74' lang='lat' dir='ltr'>Innocentio</span> <span class='ocrx_word' id='word_1_17' title='bbox 722 357 802 402; x_wconf 91' lang='lat' dir='ltr'>XI,</span> <span class='ocrx_word' id='word_1_18' title='bbox 823 369 946 406; x_wconf 89' lang='lat' dir='ltr'>quum</span> <span class='ocrx_word' id='word_1_19' title='bbox 972 357 1035 394; x_wconf 91' lang='lat' dir='ltr'>hic</span> <span class='ocrx_word' id='word_1_20' title='bbox 1056 358 1156 395; x_wconf 88' lang='lat' dir='ltr'>abu-</span> 
     </span>
     <span class='ocr_line' id='line_1_6' title="bbox 213 411 1155 460; baseline -0.001 -11"><span class='ocrx_word' id='word_1_21' title='bbox 213 423 317 457; x_wconf 91' lang='lat' dir='ltr'>sum,</span> <span class='ocrx_word' id='word_1_22' title='bbox 349 423 421 459; x_wconf 87' lang='lat' dir='ltr'>quo</span> <span class='ocrx_word' id='word_1_23' title='bbox 451 411 670 459; x_wconf 88' lang='lat' dir='ltr'>principum</span> <span class='ocrx_word' id='word_1_24' title='bbox 702 411 983 449; x_wconf 87' lang='lat' dir='ltr'>catholicorum</span> <span class='ocrx_word' id='word_1_25' title='bbox 1014 411 1155 460; x_wconf 90' lang='lat' dir='ltr'>legati,</span> 
     </span>
     <span class='ocr_line' id='line_1_7' title="bbox 212 464 1154 514; baseline 0.002 -13"><span class='ocrx_word' id='word_1_26' title='bbox 212 465 362 502; x_wconf 86' lang='lat' dir='ltr'>Romae</span> <span class='ocrx_word' id='word_1_27' title='bbox 391 464 627 510; x_wconf 78' lang='lat' dir='ltr'>residentes,</span> <span class='ocrx_word' id='word_1_28' title='bbox 654 465 691 502; x_wconf 92' lang='lat' dir='ltr'>in</span> <span class='ocrx_word' id='word_1_29' title='bbox 720 464 800 503; x_wconf 91' lang='lat' dir='ltr'>suis</span> <span class='ocrx_word' id='word_1_30' title='bbox 830 465 999 514; x_wconf 89' lang='lat' dir='ltr'>palatiis,</span> <span class='ocrx_word' id='word_1_31' title='bbox 1020 465 1096 503; x_wconf 92' lang='lat' dir='ltr'>imo</span> <span class='ocrx_word' id='word_1_32' title='bbox 1118 466 1154 503; x_wconf 89' lang='lat' dir='ltr'>in</span> 
     </span>
     <span class='ocr_line' id='line_1_8' title="bbox 213 517 1156 568; baseline 0.003 -14"><span class='ocrx_word' id='word_1_33' title='bbox 213 529 346 555; x_wconf 89' lang='lat' dir='ltr'>eorum</span> <span class='ocrx_word' id='word_1_34' title='bbox 376 517 758 565; x_wconf 87' lang='lat' dir='ltr'>circuitu,maleficis</span> <span class='ocrx_word' id='word_1_35' title='bbox 779 519 934 568; x_wconf 76' lang='lat' dir='ltr'>asylum</span> <span class='ocrx_word' id='word_1_36' title='bbox 962 520 1156 558; x_wconf 88' lang='lat' dir='ltr'>concede-</span> 
     </span>
     <span class='ocr_line' id='line_1_9' title="bbox 211 571 1153 623; baseline 0.003 -15"><span class='ocrx_word' id='word_1_37' title='bbox 211 573 311 617; x_wconf 92' lang='lat' dir='ltr'>rent,</span> <span class='ocrx_word' id='word_1_38' title='bbox 345 571 577 620; x_wconf 84' lang='lat' dir='ltr'>abrogatum</span> <span class='ocrx_word' id='word_1_39' title='bbox 614 573 751 611; x_wconf 87' lang='lat' dir='ltr'>voluit.</span> <span class='ocrx_word' id='word_1_40' title='bbox 787 572 884 611; x_wconf 90' lang='lat' dir='ltr'>Cum</span> <span class='ocrx_word' id='word_1_41' title='bbox 917 585 962 611; x_wconf 89' lang='lat' dir='ltr'>ea</span> <span class='ocrx_word' id='word_1_42' title='bbox 982 572 1095 623; x_wconf 84' lang='lat' dir='ltr'>asyla</span> <span class='ocrx_word' id='word_1_43' title='bbox 1115 574 1153 611; x_wconf 91' lang='lat' dir='ltr'>in</span> 
     </span>
     <span class='ocr_line' id='line_1_10' title="bbox 210 626 1154 676; baseline 0.004 -15"><span class='ocrx_word' id='word_1_44' title='bbox 210 636 405 662; x_wconf 91' lang='lat' dir='ltr'>summum</span> <span class='ocrx_word' id='word_1_45' title='bbox 425 626 723 675; x_wconf 73' lang='lat' dir='ltr'>tranquillitatis</span> <span class='ocrx_word' id='word_1_46' title='bbox 754 629 793 665; x_wconf 92' lang='lat' dir='ltr'>et</span> <span class='ocrx_word' id='word_1_47' title='bbox 811 628 949 665; x_wconf 89' lang='lat' dir='ltr'>salutis</span> <span class='ocrx_word' id='word_1_48' title='bbox 977 627 1154 676; x_wconf 90' lang='lat' dir='ltr'>publicae</span> 
     </span>
     <span class='ocr_line' id='line_1_11' title="bbox 210 678 1154 731; baseline 0.004 -16"><span class='ocrx_word' id='word_1_49' title='bbox 210 678 486 716; x_wconf 74' lang='lat' dir='ltr'>detrimentum</span> <span class='ocrx_word' id='word_1_50' title='bbox 509 683 736 730; x_wconf 74' lang='lat' dir='ltr'>vergerent,</span> <span class='ocrx_word' id='word_1_51' title='bbox 757 693 871 731; x_wconf 90' lang='lat' dir='ltr'>reges</span> <span class='ocrx_word' id='word_1_52' title='bbox 892 682 940 718; x_wconf 89' lang='lat' dir='ltr'>ab</span> <span class='ocrx_word' id='word_1_53' title='bbox 960 681 1005 719; x_wconf 93' lang='lat' dir='ltr'>iis</span> <span class='ocrx_word' id='word_1_54' title='bbox 1028 682 1154 719; x_wconf 79' lang='lat' dir='ltr'>extir-</span> 
     </span>
     <span class='ocr_line' id='line_1_12' title="bbox 208 732 1153 784; baseline 0.003 -15"><span class='ocrx_word' id='word_1_55' title='bbox 208 732 346 781; x_wconf 85' lang='lat' dir='ltr'>pandis</span> <span class='ocrx_word' id='word_1_56' title='bbox 377 733 580 771; x_wconf 86' lang='lat' dir='ltr'>dissentire</span> <span class='ocrx_word' id='word_1_57' title='bbox 610 746 685 772; x_wconf 90' lang='lat' dir='ltr'>non</span> <span class='ocrx_word' id='word_1_58' title='bbox 716 737 910 784; x_wconf 81' lang='lat' dir='ltr'>poterant.</span> <span class='ocrx_word' id='word_1_59' title='bbox 942 734 1056 773; x_wconf 86' lang='lat' dir='ltr'>Solus</span> <span class='ocrx_word' id='word_1_60' title='bbox 1086 747 1153 772; x_wconf 90' lang='lat' dir='ltr'>rex</span> 
     </span>
     <span class='ocr_line' id='line_1_13' title="bbox 208 785 1155 839; baseline 0.004 -17"><span class='ocrx_word' id='word_1_61' title='bbox 208 785 448 824; x_wconf 82' lang='lat' dir='ltr'>Francorum</span> <span class='ocrx_word' id='word_1_62' title='bbox 477 787 634 835; x_wconf 82' lang='lat' dir='ltr'>restitit,</span> <span class='ocrx_word' id='word_1_63' title='bbox 655 790 694 826; x_wconf 92' lang='lat' dir='ltr'>et</span> <span class='ocrx_word' id='word_1_64' title='bbox 723 801 822 827; x_wconf 90' lang='lat' dir='ltr'>novo</span> <span class='ocrx_word' id='word_1_65' title='bbox 852 789 996 839; x_wconf 85' lang='lat' dir='ltr'>legato,</span> <span class='ocrx_word' id='word_1_66' title='bbox 1016 789 1155 827; x_wconf 91' lang='lat' dir='ltr'>Carolo</span> 
     </span>
     <span class='ocr_line' id='line_1_14' title="bbox 208 839 1154 891; baseline 0.006 -15"><span class='ocrx_word' id='word_1_67' title='bbox 208 839 452 886; x_wconf 88' lang='lat' dir='ltr'>Lavardino,</span> <span class='ocrx_word' id='word_1_68' title='bbox 473 853 587 890; x_wconf 88' lang='lat' dir='ltr'>quem</span> <span class='ocrx_word' id='word_1_69' title='bbox 620 854 680 880; x_wconf 91' lang='lat' dir='ltr'>an.</span> <span class='ocrx_word' id='word_1_70' title='bbox 713 843 814 881; x_wconf 85' lang='lat'>1687</span> <span class='ocrx_word' id='word_1_71' title='bbox 841 844 1007 882; x_wconf 85' lang='lat' dir='ltr'>Romam</span> <span class='ocrx_word' id='word_1_72' title='bbox 1037 844 1154 891; x_wconf 86' lang='lat' dir='ltr'>misit,</span> 
     </span>
     <span class='ocr_line' id='line_1_15' title="bbox 210 892 1154 946; baseline 0.007 -17"><span class='ocrx_word' id='word_1_73' title='bbox 210 892 324 939; x_wconf 87' lang='lat'>1,000</span> <span class='ocrx_word' id='word_1_74' title='bbox 344 894 500 932; x_wconf 83' lang='lat' dir='ltr'>circiter</span> <span class='ocrx_word' id='word_1_75' title='bbox 528 896 671 934; x_wconf 88' lang='lat' dir='ltr'>milites</span> <span class='ocrx_word' id='word_1_76' title='bbox 693 897 854 944; x_wconf 79' lang='lat' dir='ltr'>addidit,</span> <span class='ocrx_word' id='word_1_77' title='bbox 876 898 1018 946; x_wconf 89' lang='lat' dir='ltr'>quibus</span> <span class='ocrx_word' id='word_1_78' title='bbox 1039 898 1070 936; x_wconf 91' lang='lat' dir='ltr'>is</span> <span class='ocrx_word' id='word_1_79' title='bbox 1092 900 1154 935; x_wconf 86' lang='lat' dir='ltr'>to-</span> 
     </span>
     <span class='ocr_line' id='line_1_16' title="bbox 207 948 1158 1001; baseline 0.006 -17"><span class='ocrx_word' id='word_1_80' title='bbox 207 948 288 984; x_wconf 87' lang='lat' dir='ltr'>tam</span> <span class='ocrx_word' id='word_1_81' title='bbox 311 948 415 986; x_wconf 91' lang='lat' dir='ltr'>urbis</span> <span class='ocrx_word' id='word_1_82' title='bbox 436 949 650 998; x_wconf 82' lang='lat' dir='ltr'>regionem,</span> <span class='ocrx_word' id='word_1_83' title='bbox 668 962 737 999; x_wconf 88' lang='lat' dir='ltr'>per</span> <span class='ocrx_word' id='word_1_84' title='bbox 757 963 875 1000; x_wconf 90' lang='lat' dir='ltr'>quam</span> <span class='ocrx_word' id='word_1_85' title='bbox 892 952 1046 1001; x_wconf 81' lang='lat' dir='ltr'>asylum</span> <span class='ocrx_word' id='word_1_86' title='bbox 1069 952 1158 990; x_wconf 86' lang='lat' dir='ltr'>Gal—</span> 
     </span>
     <span class='ocr_line' id='line_1_17' title="bbox 206 999 1154 1055; baseline 0.008 -18"><span class='ocrx_word' id='word_1_87' title='bbox 206 999 325 1038; x_wconf 90' lang='lat' dir='ltr'>licum</span> <span class='ocrx_word' id='word_1_88' title='bbox 345 1002 544 1050; x_wconf 85' lang='lat' dir='ltr'>valuerat,</span> <span class='ocrx_word' id='word_1_89' title='bbox 566 1006 790 1054; x_wconf 86' lang='lat' dir='ltr'>occupavit;</span> <span class='ocrx_word' id='word_1_90' title='bbox 813 1007 1052 1055; x_wconf 87' lang='lat' dir='ltr'>putabatque</span> <span class='ocrx_word' id='word_1_91' title='bbox 1073 1008 1154 1045; x_wconf 91' lang='lat' dir='ltr'>ter-</span> 
     </span>
     <span class='ocr_line' id='line_1_18' title="bbox 207 1056 1152 1106; baseline 0.008 -15"><span class='ocrx_word' id='word_1_92' title='bbox 207 1065 294 1092; x_wconf 90' lang='lat' dir='ltr'>rore</span> <span class='ocrx_word' id='word_1_93' title='bbox 315 1056 466 1094; x_wconf 90' lang='lat' dir='ltr'>obiecto</span> <span class='ocrx_word' id='word_1_94' title='bbox 486 1058 769 1106; x_wconf 89' lang='lat' dir='ltr'>possessionem</span> <span class='ocrx_word' id='word_1_95' title='bbox 787 1059 958 1097; x_wconf 89' lang='lat' dir='ltr'>retinere</span> <span class='ocrx_word' id='word_1_96' title='bbox 978 1060 1072 1099; x_wconf 92' lang='lat' dir='ltr'>iuris</span> <span class='ocrx_word' id='word_1_97' title='bbox 1088 1074 1152 1099; x_wconf 92' lang='lat' dir='ltr'>an-</span> 
     </span>
     <span class='ocr_line' id='line_1_19' title="bbox 206 1108 1154 1163; baseline 0.008 -18"><span class='ocrx_word' id='word_1_98' title='bbox 206 1108 317 1157; x_wconf 88' lang='lat' dir='ltr'>tiqui.</span> <span class='ocrx_word' id='word_1_99' title='bbox 339 1109 413 1147; x_wconf 86' lang='lat' dir='ltr'>Sed</span> <span class='ocrx_word' id='word_1_100' title='bbox 435 1123 507 1148; x_wconf 91' lang='lat' dir='ltr'>non</span> <span class='ocrx_word' id='word_1_101' title='bbox 540 1111 692 1161; x_wconf 81' lang='lat' dir='ltr'>fregere</span> <span class='ocrx_word' id='word_1_102' title='bbox 715 1112 842 1152; x_wconf 87' lang='lat' dir='ltr'>minae</span> <span class='ocrx_word' id='word_1_103' title='bbox 869 1114 1154 1163; x_wconf 89' lang='lat' dir='ltr'>Innocentium,</span> 
     </span>
     <span class='ocr_line' id='line_1_20' title="bbox 207 1162 1153 1215; baseline 0.008 -16"><span class='ocrx_word' id='word_1_104' title='bbox 207 1163 273 1211; x_wconf 89' lang='lat' dir='ltr'>qui</span> <span class='ocrx_word' id='word_1_105' title='bbox 294 1162 381 1202; x_wconf 88' lang='lat' dir='ltr'>illas</span> <span class='ocrx_word' id='word_1_106' title='bbox 402 1165 497 1202; x_wconf 90' lang='lat' dir='ltr'>adeo</span> <span class='ocrx_word' id='word_1_107' title='bbox 519 1166 707 1215; x_wconf 83' lang='lat' dir='ltr'>neglexit,</span> <span class='ocrx_word' id='word_1_108' title='bbox 729 1170 771 1205; x_wconf 89' lang='lat' dir='ltr'>ut</span> <span class='ocrx_word' id='word_1_109' title='bbox 794 1168 1059 1206; x_wconf 87' lang='lat' dir='ltr'>Lavardinum</span> <span class='ocrx_word' id='word_1_110' title='bbox 1082 1182 1153 1207; x_wconf 90' lang='lat' dir='ltr'>ne-</span> 
     </span>
     <span class='ocr_line' id='line_1_21' title="bbox 206 1217 1156 1273; baseline 0.008 -20"><span class='ocrx_word' id='word_1_111' title='bbox 206 1227 280 1265; x_wconf 86' lang='lat' dir='ltr'>que</span> <span class='ocrx_word' id='word_1_112' title='bbox 302 1219 344 1254; x_wconf 92' lang='lat' dir='ltr'>ut</span> <span class='ocrx_word' id='word_1_113' title='bbox 368 1217 543 1267; x_wconf 84' lang='lat' dir='ltr'>legatum</span> <span class='ocrx_word' id='word_1_114' title='bbox 565 1220 747 1269; x_wconf 86' lang='lat' dir='ltr'>agnovit,</span> <span class='ocrx_word' id='word_1_115' title='bbox 778 1233 905 1271; x_wconf 90' lang='lat' dir='ltr'>neque</span> <span class='ocrx_word' id='word_1_116' title='bbox 926 1224 964 1259; x_wconf 92' lang='lat' dir='ltr'>in</span> <span class='ocrx_word' id='word_1_117' title='bbox 991 1235 1156 1273; x_wconf 90' lang='lat' dir='ltr'>conspe-</span> 
     </span>
     <span class='ocr_line' id='line_1_22' title="bbox 207 1273 1154 1321; baseline 0.008 -14"><span class='ocrx_word' id='word_1_118' title='bbox 207 1273 313 1308; x_wconf 90' lang='lat' dir='ltr'>ctum</span> <span class='ocrx_word' id='word_1_119' title='bbox 334 1282 449 1309; x_wconf 91' lang='lat' dir='ltr'>suum</span> <span class='ocrx_word' id='word_1_120' title='bbox 470 1273 640 1321; x_wconf 84' lang='lat' dir='ltr'>admisit,</span> <span class='ocrx_word' id='word_1_121' title='bbox 663 1275 927 1314; x_wconf 81' lang='lat' dir='ltr'>cardinalibus</span> <span class='ocrx_word' id='word_1_122' title='bbox 949 1280 988 1314; x_wconf 90' lang='lat' dir='ltr'>et</span> <span class='ocrx_word' id='word_1_123' title='bbox 1009 1278 1154 1315; x_wconf 88' lang='lat' dir='ltr'>nobili-</span> 
     </span>
     <span class='ocr_line' id='line_1_23' title="bbox 206 1323 1152 1375; baseline 0.011 -15"><span class='ocrx_word' id='word_1_124' title='bbox 206 1323 279 1361; x_wconf 88' lang='lat' dir='ltr'>bus</span> <span class='ocrx_word' id='word_1_125' title='bbox 299 1337 387 1362; x_wconf 88' lang='lat' dir='ltr'>cum</span> <span class='ocrx_word' id='word_1_126' title='bbox 407 1338 451 1363; x_wconf 92' lang='lat' dir='ltr'>eo</span> <span class='ocrx_word' id='word_1_127' title='bbox 473 1329 698 1366; x_wconf 87' lang='lat' dir='ltr'>conversari</span> <span class='ocrx_word' id='word_1_128' title='bbox 720 1330 869 1375; x_wconf 88' lang='lat' dir='ltr'>vetuit,</span> <span class='ocrx_word' id='word_1_129' title='bbox 898 1330 1103 1369; x_wconf 87' lang='lat' dir='ltr'>ecclesiam</span> <span class='ocrx_word' id='word_1_130' title='bbox 1124 1344 1152 1370; x_wconf 92' lang='lat' dir='ltr'>s.</span> 
     </span>
     <span class='ocr_line' id='line_1_24' title="bbox 206 1377 1152 1433; baseline 0.01 -19"><span class='ocrx_word' id='word_1_131' title='bbox 206 1377 414 1427; x_wconf 89' lang='lat' dir='ltr'>Ludovici,</span> <span class='ocrx_word' id='word_1_132' title='bbox 445 1393 564 1430; x_wconf 87' lang='lat' dir='ltr'>quam</span> <span class='ocrx_word' id='word_1_133' title='bbox 600 1382 702 1420; x_wconf 87' lang='lat' dir='ltr'>Galli</span> <span class='ocrx_word' id='word_1_134' title='bbox 738 1383 888 1421; x_wconf 81' lang='lat' dir='ltr'>Romae</span> <span class='ocrx_word' id='word_1_135' title='bbox 928 1385 1124 1423; x_wconf 83' lang='lat' dir='ltr'>habebant</span> <span class='ocrx_word' id='word_1_136' title='bbox 1144 1416 1152 1433; x_wconf 90' lang='lat'>,</span> 
     </span>
     <span class='ocr_line' id='line_1_25' title="bbox 205 1430 1152 1487; baseline 0.011 -19"><span class='ocrx_word' id='word_1_137' title='bbox 205 1430 410 1471; x_wconf 88' lang='lat' dir='ltr'>interdicto</span> <span class='ocrx_word' id='word_1_138' title='bbox 438 1435 616 1473; x_wconf 88' lang='lat' dir='ltr'>subiecit.</span> <span class='ocrx_word' id='word_1_139' title='bbox 640 1435 861 1475; x_wconf 86' lang='lat' dir='ltr'>Ludovicus</span> <span class='ocrx_word' id='word_1_140' title='bbox 890 1438 987 1477; x_wconf 89' lang='lat' dir='ltr'>XIV</span> <span class='ocrx_word' id='word_1_141' title='bbox 1014 1439 1152 1487; x_wconf 88' lang='lat' dir='ltr'>iratus,</span> 
     </span>
     <span class='ocr_line' id='line_1_26' title="bbox 203 1488 1152 1542; baseline 0.009 -20"><span class='ocrx_word' id='word_1_142' title='bbox 203 1496 358 1524; x_wconf 88' lang='lat' dir='ltr'>rursum</span> <span class='ocrx_word' id='word_1_143' title='bbox 381 1488 624 1527; x_wconf 88' lang='lat' dir='ltr'>Avenionem</span> <span class='ocrx_word' id='word_1_144' title='bbox 653 1502 723 1539; x_wconf 90' lang='lat' dir='ltr'>per</span> <span class='ocrx_word' id='word_1_145' title='bbox 751 1491 896 1529; x_wconf 87' lang='lat' dir='ltr'>milites</span> <span class='ocrx_word' id='word_1_146' title='bbox 929 1494 1152 1542; x_wconf 87' lang='lat' dir='ltr'>occupavit,</span> 
     </span>
     <span class='ocr_line' id='line_1_27' title="bbox 203 1540 1152 1591; baseline 0.011 -15"><span class='ocrx_word' id='word_1_147' title='bbox 203 1542 242 1577; x_wconf 92' lang='lat' dir='ltr'>et</span> <span class='ocrx_word' id='word_1_148' title='bbox 261 1540 443 1579; x_wconf 89' lang='lat' dir='ltr'>nuncium</span> <span class='ocrx_word' id='word_1_149' title='bbox 466 1543 727 1591; x_wconf 88' lang='lat' dir='ltr'>pontificium,</span> <span class='ocrx_word' id='word_1_150' title='bbox 748 1545 795 1582; x_wconf 93' lang='lat' dir='ltr'>ab</span> <span class='ocrx_word' id='word_1_151' title='bbox 816 1545 1042 1585; x_wconf 86' lang='lat' dir='ltr'>Innocentio</span> <span class='ocrx_word' id='word_1_152' title='bbox 1071 1548 1152 1585; x_wconf 88' lang='lat' dir='ltr'>Pa-</span> 
     </span>
     <span class='ocr_line' id='line_1_28' title="bbox 202 1593 1154 1644; baseline 0.009 -13"><span class='ocrx_word' id='word_1_153' title='bbox 202 1593 289 1632; x_wconf 88' lang='lat' dir='ltr'>risis</span> <span class='ocrx_word' id='word_1_154' title='bbox 319 1598 539 1644; x_wconf 89' lang='lat' dir='ltr'>evocatum,</span> <span class='ocrx_word' id='word_1_155' title='bbox 557 1597 718 1636; x_wconf 90' lang='lat' dir='ltr'>militari</span> <span class='ocrx_word' id='word_1_156' title='bbox 734 1610 852 1637; x_wconf 88' lang='lat' dir='ltr'>manu</span> <span class='ocrx_word' id='word_1_157' title='bbox 874 1600 1046 1640; x_wconf 88' lang='lat' dir='ltr'>retinuit.</span> <span class='ocrx_word' id='word_1_158' title='bbox 1068 1601 1154 1640; x_wconf 92' lang='lat' dir='ltr'>Dis-</span> 
     </span>
     <span class='ocr_line' id='line_1_29' title="bbox 202 1647 1152 1705; baseline 0.011 -21"><span class='ocrx_word' id='word_1_159' title='bbox 202 1647 344 1686; x_wconf 87' lang='lat' dir='ltr'>sidium</span> <span class='ocrx_word' id='word_1_160' title='bbox 366 1649 421 1687; x_wconf 88' lang='lat' dir='ltr'>ita</span> <span class='ocrx_word' id='word_1_161' title='bbox 440 1653 598 1689; x_wconf 87' lang='lat' dir='ltr'>auctum</span> <span class='ocrx_word' id='word_1_162' title='bbox 620 1654 691 1699; x_wconf 90' lang='lat' dir='ltr'>est,</span> <span class='ocrx_word' id='word_1_163' title='bbox 714 1655 757 1691; x_wconf 90' lang='lat' dir='ltr'>ut</span> <span class='ocrx_word' id='word_1_164' title='bbox 779 1654 824 1691; x_wconf 88' lang='lat' dir='ltr'>de</span> <span class='ocrx_word' id='word_1_165' title='bbox 842 1654 1005 1704; x_wconf 87' lang='lat' dir='ltr'>Harlay‚</span> <span class='ocrx_word' id='word_1_166' title='bbox 1027 1668 1152 1705; x_wconf 88' lang='lat' dir='ltr'>gene-</span> 
     </span>
     <span class='ocr_line' id='line_1_30' title="bbox 203 1701 1153 1757; baseline 0.011 -18"><span class='ocrx_word' id='word_1_167' title='bbox 203 1701 297 1740; x_wconf 89' lang='lat' dir='ltr'>ralis</span> <span class='ocrx_word' id='word_1_168' title='bbox 336 1715 542 1742; x_wconf 88' lang='lat' dir='ltr'>causarum</span> <span class='ocrx_word' id='word_1_169' title='bbox 583 1705 784 1755; x_wconf 86' lang='lat' dir='ltr'>regiarum</span> <span class='ocrx_word' id='word_1_170' title='bbox 824 1712 1055 1757; x_wconf 85' lang='lat' dir='ltr'>procurator</span> <span class='ocrx_word' id='word_1_171' title='bbox 1071 1740 1080 1757; x_wconf 96' lang='lat'>,</span> <span class='ocrx_word' id='word_1_172' title='bbox 1114 1713 1153 1749; x_wconf 92' lang='lat' dir='ltr'>et</span> 
     </span>
     <span class='ocr_line' id='line_1_31' title="bbox 204 1755 1150 1812; baseline 0.011 -19"><span class='ocrx_word' id='word_1_173' title='bbox 204 1755 367 1803; x_wconf 87' lang='lat' dir='ltr'>Toulon,</span> <span class='ocrx_word' id='word_1_174' title='bbox 397 1760 622 1797; x_wconf 89' lang='lat' dir='ltr'>earumdem</span> <span class='ocrx_word' id='word_1_175' title='bbox 653 1772 861 1799; x_wconf 90' lang='lat' dir='ltr'>causarum</span> <span class='ocrx_word' id='word_1_176' title='bbox 889 1764 1085 1812; x_wconf 87' lang='lat' dir='ltr'>generalis</span> <span class='ocrx_word' id='word_1_177' title='bbox 1106 1776 1150 1802; x_wconf 90' lang='lat' dir='ltr'>a-</span> 
     </span>
     <span class='ocr_line' id='line_1_32' title="bbox 205 1811 1152 1867; baseline 0.01 -20"><span class='ocrx_word' id='word_1_178' title='bbox 205 1811 299 1856; x_wconf 84' lang='lat' dir='ltr'>ctor,</span> <span class='ocrx_word' id='word_1_179' title='bbox 318 1812 366 1848; x_wconf 89' lang='lat' dir='ltr'>ab</span> <span class='ocrx_word' id='word_1_180' title='bbox 384 1812 609 1851; x_wconf 89' lang='lat' dir='ltr'>Innocentio</span> <span class='ocrx_word' id='word_1_181' title='bbox 630 1814 687 1852; x_wconf 90' lang='lat' dir='ltr'>XI</span> <span class='ocrx_word' id='word_1_182' title='bbox 708 1815 757 1852; x_wconf 91' lang='lat' dir='ltr'>ad</span> <span class='ocrx_word' id='word_1_183' title='bbox 778 1815 949 1864; x_wconf 90' lang='lat' dir='ltr'>primum</span> <span class='ocrx_word' id='word_1_184' title='bbox 970 1820 1152 1867; x_wconf 88' lang='lat' dir='ltr'>generale</span> 
     </span>
     <span class='ocr_line' id='line_1_33' title="bbox 205 1864 1152 1920; baseline 0.012 -20"><span class='ocrx_word' id='word_1_185' title='bbox 205 1864 410 1902; x_wconf 87' lang='lat' dir='ltr'>concilium</span> <span class='ocrx_word' id='word_1_186' title='bbox 429 1896 437 1913; x_wconf 88' lang='lat'>,</span> <span class='ocrx_word' id='word_1_187' title='bbox 472 1869 660 1916; x_wconf 81' lang='lat' dir='ltr'>tanquam</span> <span class='ocrx_word' id='word_1_188' title='bbox 700 1870 748 1906; x_wconf 89' lang='lat' dir='ltr'>ab</span> <span class='ocrx_word' id='word_1_189' title='bbox 786 1870 907 1908; x_wconf 89' lang='lat' dir='ltr'>abusu</span> <span class='ocrx_word' id='word_1_190' title='bbox 947 1872 1152 1920; x_wconf 85' lang='lat' dir='ltr'>potestatis</span> 
     </span>
     <span class='ocr_line' id='line_1_34' title="bbox 206 1917 1071 1969; baseline 0.012 -15"><span class='ocrx_word' id='word_1_191' title='bbox 206 1917 438 1966; x_wconf 86' lang='lat' dir='ltr'>pontificiae,</span> <span class='ocrx_word' id='word_1_192' title='bbox 461 1922 760 1969; x_wconf 85' lang='lat' dir='ltr'>appellationem</span> <span class='ocrx_word' id='word_1_193' title='bbox 782 1924 1025 1964; x_wconf 85' lang='lat' dir='ltr'>instituerint</span> <span class='ocrx_word' id='word_1_194' title='bbox 1045 1926 1071 1965; x_wconf 76' lang='lat'>².</span> 
     </span>
    </p>

    <p class='ocr_par' dir='ltr' id='par_1_4' title="bbox 201 1971 1153 3052">
     <span class='ocr_line' id='line_1_35' title="bbox 260 1971 1153 2027; baseline 0.011 -18"><span class='ocrx_word' id='word_1_195' title='bbox 260 1971 295 2010; x_wconf 92' lang='lat' dir='ltr'>Is</span> <span class='ocrx_word' id='word_1_196' title='bbox 312 1976 397 2011; x_wconf 90' lang='lat' dir='ltr'>erat</span> <span class='ocrx_word' id='word_1_197' title='bbox 413 1974 660 2013; x_wconf 82' lang='lat' dir='ltr'>dissidiorum</span> <span class='ocrx_word' id='word_1_198' title='bbox 677 1980 818 2024; x_wconf 89' lang='lat' dir='ltr'>status,</span> <span class='ocrx_word' id='word_1_199' title='bbox 831 1991 950 2027; x_wconf 88' lang='lat' dir='ltr'>quum</span> <span class='ocrx_word' id='word_1_200' title='bbox 967 1980 1153 2019; x_wconf 89' lang='lat' dir='ltr'>Innocen-</span> 
     </span>
     <span class='ocr_line' id='line_1_36' title="bbox 207 2025 1152 2073; baseline 0.011 -10"><span class='ocrx_word' id='word_1_201' title='bbox 207 2025 285 2063; x_wconf 87' lang='lat' dir='ltr'>tius</span> <span class='ocrx_word' id='word_1_202' title='bbox 315 2026 371 2064; x_wconf 92' lang='lat' dir='ltr'>XI</span> <span class='ocrx_word' id='word_1_203' title='bbox 394 2039 455 2065; x_wconf 86' lang='lat' dir='ltr'>an.</span> <span class='ocrx_word' id='word_1_204' title='bbox 481 2028 581 2067; x_wconf 83' lang='lat'>1689</span> <span class='ocrx_word' id='word_1_205' title='bbox 611 2042 630 2067; x_wconf 92' lang='lat' dir='ltr'>e</span> <span class='ocrx_word' id='word_1_206' title='bbox 663 2031 744 2069; x_wconf 89' lang='lat' dir='ltr'>vita</span> <span class='ocrx_word' id='word_1_207' title='bbox 765 2031 956 2072; x_wconf 86' lang='lat' dir='ltr'>discessit.</span> <span class='ocrx_word' id='word_1_208' title='bbox 987 2035 1152 2073; x_wconf 83' lang='lat' dir='ltr'>Alexan-</span> 
     </span>
     <span class='ocr_line' id='line_1_37' title="bbox 206 2079 1151 2132; baseline 0.012 -16"><span class='ocrx_word' id='word_1_209' title='bbox 206 2079 275 2117; x_wconf 87' lang='lat' dir='ltr'>der</span> <span class='ocrx_word' id='word_1_210' title='bbox 291 2080 398 2127; x_wconf 88' lang='lat' dir='ltr'>VIII,</span> <span class='ocrx_word' id='word_1_211' title='bbox 415 2082 498 2119; x_wconf 89' lang='lat' dir='ltr'>eius</span> <span class='ocrx_word' id='word_1_212' title='bbox 518 2094 733 2132; x_wconf 87' lang='lat' dir='ltr'>successor,</span> <span class='ocrx_word' id='word_1_213' title='bbox 749 2085 908 2124; x_wconf 89' lang='lat' dir='ltr'>dissidia</span> <span class='ocrx_word' id='word_1_214' title='bbox 923 2099 1012 2125; x_wconf 89' lang='lat' dir='ltr'>eum</span> <span class='ocrx_word' id='word_1_215' title='bbox 1034 2089 1151 2127; x_wconf 86' lang='lat' dir='ltr'>Fran-</span> 
     </span>
     <span class='ocr_line' id='line_1_38' title="bbox 207 2140 1151 2186; baseline 0.011 -15"><span class='ocrx_word' id='word_1_216' title='bbox 207 2145 342 2171; x_wconf 87' lang='lat' dir='ltr'>corum</span> <span class='ocrx_word' id='word_1_217' title='bbox 374 2147 467 2184; x_wconf 88' lang='lat' dir='ltr'>rege</span> <span class='ocrx_word' id='word_1_218' title='bbox 488 2147 718 2186; x_wconf 88' lang='lat' dir='ltr'>componere</span> <span class='ocrx_word' id='word_1_219' title='bbox 746 2140 907 2178; x_wconf 85' lang='lat' dir='ltr'>studuit.</span> <span class='ocrx_word' id='word_1_220' title='bbox 929 2142 1151 2181; x_wconf 89' lang='lat' dir='ltr'>Ludovicus</span> 
     </span>
     <span class='ocr_line' id='line_1_39' title="bbox 206 2188 1151 2238; baseline 0.011 -13"><span class='ocrx_word' id='word_1_221' title='bbox 206 2188 305 2236; x_wconf 71' lang='lat' dir='ltr'>asyli</span> <span class='ocrx_word' id='word_1_222' title='bbox 318 2188 391 2226; x_wconf 90' lang='lat' dir='ltr'>iuri</span> <span class='ocrx_word' id='word_1_223' title='bbox 409 2191 662 2238; x_wconf 88' lang='lat' dir='ltr'>renuntiavit,</span> <span class='ocrx_word' id='word_1_224' title='bbox 674 2193 959 2232; x_wconf 88' lang='lat' dir='ltr'>ctAvenionem</span> <span class='ocrx_word' id='word_1_225' title='bbox 974 2197 1151 2235; x_wconf 83' lang='lat' dir='ltr'>Pontifici</span> 
     </span>
     <span class='ocr_line' id='line_1_40' title="bbox 205 2242 1147 2290; baseline 0.011 -11"><span class='ocrx_word' id='word_1_226' title='bbox 205 2242 395 2290; x_wconf 86' lang='lat' dir='ltr'>restituit,</span> <span class='ocrx_word' id='word_1_227' title='bbox 426 2244 492 2282; x_wconf 90' lang='lat' dir='ltr'>sed</span> <span class='ocrx_word' id='word_1_228' title='bbox 523 2245 715 2283; x_wconf 84' lang='lat' dir='ltr'>celebrem</span> <span class='ocrx_word' id='word_1_229' title='bbox 738 2247 1051 2288; x_wconf 89' lang='lat' dir='ltr'>Declarationem</span> <span class='ocrx_word' id='word_1_230' title='bbox 1087 2264 1147 2290; x_wconf 91' lang='lat' dir='ltr'>an.</span> 
     </span>
     <span class='ocr_line' id='line_1_41' title="bbox 208 2295 1151 2351; baseline 0.012 -19"><span class='ocrx_word' id='word_1_231' title='bbox 208 2295 309 2333; x_wconf 78' lang='lat'>1682</span> <span class='ocrx_word' id='word_1_232' title='bbox 326 2297 426 2335; x_wconf 90' lang='lat' dir='ltr'>tueri</span> <span class='ocrx_word' id='word_1_233' title='bbox 446 2299 644 2347; x_wconf 81' lang='lat' dir='ltr'>pergebat.</span> <span class='ocrx_word' id='word_1_234' title='bbox 663 2302 908 2351; x_wconf 84' lang='lat' dir='ltr'>Quapropter</span> <span class='ocrx_word' id='word_1_235' title='bbox 925 2304 1151 2343; x_wconf 83' lang='lat' dir='ltr'>Alexander</span> 
     </span>
     <span class='ocr_line' id='line_1_42' title="bbox 205 2349 1149 2401; baseline 0.012 -15"><span class='ocrx_word' id='word_1_236' title='bbox 205 2349 300 2387; x_wconf 91' lang='lat' dir='ltr'>VIII</span> <span class='ocrx_word' id='word_1_237' title='bbox 334 2350 495 2389; x_wconf 89' lang='lat' dir='ltr'>solemni</span> <span class='ocrx_word' id='word_1_238' title='bbox 527 2354 825 2401; x_wconf 89' lang='lat' dir='ltr'>constitutione,</span> <span class='ocrx_word' id='word_1_239' title='bbox 856 2357 973 2394; x_wconf 76' lang='lat' dir='ltr'>Inter</span> <span class='ocrx_word' id='word_1_240' title='bbox 1002 2360 1149 2396; x_wconf 74' lang='lat' dir='ltr'>multi-</span> 
     </span>
     <span class='ocr_line' id='line_1_43' title="bbox 201 2404 1151 2459; baseline 0.012 -20"><span class='ocrx_word' id='word_1_241' title='bbox 201 2404 348 2453; x_wconf 77' lang='lat' dir='ltr'>pliceS,</span> <span class='ocrx_word' id='word_1_242' title='bbox 371 2405 462 2442; x_wconf 88' lang='lat' dir='ltr'>data</span> <span class='ocrx_word' id='word_1_243' title='bbox 482 2406 605 2455; x_wconf 87' lang='lat' dir='ltr'>pridie</span> <span class='ocrx_word' id='word_1_244' title='bbox 636 2420 757 2446; x_wconf 87' lang='lat' dir='ltr'>nonas</span> <span class='ocrx_word' id='word_1_245' title='bbox 778 2411 933 2459; x_wconf 82' lang='lat' dir='ltr'>augusti</span> <span class='ocrx_word' id='word_1_246' title='bbox 960 2412 1059 2449; x_wconf 82' lang='lat'>1690</span> <span class='ocrx_word' id='word_1_247' title='bbox 1076 2443 1085 2458; x_wconf 88' lang='lat'>,</span> <span class='ocrx_word' id='word_1_248' title='bbox 1105 2426 1151 2450; x_wconf 93' lang='lat' dir='ltr'>o-</span> 
     </span>
     <span class='ocr_line' id='line_1_44' title="bbox 205 2457 1150 2513; baseline 0.013 -20"><span class='ocrx_word' id='word_1_249' title='bbox 205 2457 311 2495; x_wconf 87' lang='lat' dir='ltr'>mnia</span> <span class='ocrx_word' id='word_1_250' title='bbox 331 2461 370 2495; x_wconf 86' lang='lat' dir='ltr'>ct</span> <span class='ocrx_word' id='word_1_251' title='bbox 389 2459 554 2509; x_wconf 87' lang='lat' dir='ltr'>singula,</span> <span class='ocrx_word' id='word_1_252' title='bbox 575 2472 673 2509; x_wconf 89' lang='lat' dir='ltr'>quae</span> <span class='ocrx_word' id='word_1_253' title='bbox 695 2461 733 2499; x_wconf 92' lang='lat' dir='ltr'>in</span> <span class='ocrx_word' id='word_1_254' title='bbox 763 2464 928 2502; x_wconf 85' lang='lat' dir='ltr'>comitiis</span> <span class='ocrx_word' id='word_1_255' title='bbox 949 2478 1010 2503; x_wconf 88' lang='lat' dir='ltr'>an.</span> <span class='ocrx_word' id='word_1_256' title='bbox 1036 2467 1150 2513; x_wconf 64' lang='lat'>1082,</span> 
     </span>
     <span class='ocr_line' id='line_1_45' title="bbox 204 2513 1148 2569; baseline 0.01 -20"><span class='ocrx_word' id='word_1_257' title='bbox 204 2513 283 2549; x_wconf 86' lang='lat' dir='ltr'>tam</span> <span class='ocrx_word' id='word_1_258' title='bbox 327 2514 453 2560; x_wconf 88' lang='lat' dir='ltr'>quoad</span> <span class='ocrx_word' id='word_1_259' title='bbox 494 2516 763 2553; x_wconf 73' lang='lat' dir='ltr'>extensionem</span> <span class='ocrx_word' id='word_1_260' title='bbox 799 2518 969 2566; x_wconf 84' lang='lat' dir='ltr'>regaliac</span> <span class='ocrx_word' id='word_1_261' title='bbox 987 2550 996 2566; x_wconf 89' lang='lat'>,</span> <span class='ocrx_word' id='word_1_262' title='bbox 1036 2533 1148 2569; x_wconf 86' lang='lat' dir='ltr'>quam</span> 
     </span>
     <span class='ocr_line' id='line_1_46' title="bbox 204 2566 1150 2620; baseline 0.012 -19"><span class='ocrx_word' id='word_1_263' title='bbox 204 2566 330 2614; x_wconf 88' lang='lat' dir='ltr'>quoad</span> <span class='ocrx_word' id='word_1_264' title='bbox 351 2567 655 2606; x_wconf 88' lang='lat' dir='ltr'>declarationem</span> <span class='ocrx_word' id='word_1_265' title='bbox 677 2570 723 2607; x_wconf 90' lang='lat' dir='ltr'>de</span> <span class='ocrx_word' id='word_1_266' title='bbox 745 2573 938 2620; x_wconf 81' lang='lat' dir='ltr'>potestate</span> <span class='ocrx_word' id='word_1_267' title='bbox 967 2574 1150 2612; x_wconf 84' lang='lat' dir='ltr'>ecclesia-</span> 
     </span>
     <span class='ocr_line' id='line_1_47' title="bbox 206 2619 1151 2674; baseline 0.011 -18"><span class='ocrx_word' id='word_1_268' title='bbox 206 2619 304 2657; x_wconf 84' lang='lat' dir='ltr'>stica</span> <span class='ocrx_word' id='word_1_269' title='bbox 324 2622 362 2658; x_wconf 89' lang='lat' dir='ltr'>et</span> <span class='ocrx_word' id='word_1_270' title='bbox 382 2622 404 2657; x_wconf 86' lang='grc'>4</span> <span class='ocrx_word' id='word_1_271' title='bbox 428 2623 709 2671; x_wconf 85' lang='lat' dir='ltr'>propositiones</span> <span class='ocrx_word' id='word_1_272' title='bbox 730 2624 767 2661; x_wconf 89' lang='lat' dir='ltr'>in</span> <span class='ocrx_word' id='word_1_273' title='bbox 789 2637 835 2662; x_wconf 88' lang='lat' dir='ltr'>ca</span> <span class='ocrx_word' id='word_1_274' title='bbox 855 2627 1039 2674; x_wconf 78' lang='lat' dir='ltr'>statutas,</span> <span class='ocrx_word' id='word_1_275' title='bbox 1061 2632 1151 2665; x_wconf 88' lang='lat' dir='ltr'>aeta</span> 
     </span>
     <span class='ocr_line' id='line_1_48' title="bbox 204 2674 1152 2729; baseline 0.011 -20"><span class='ocrx_word' id='word_1_276' title='bbox 204 2674 242 2710; x_wconf 85' lang='lat' dir='ltr'>et</span> <span class='ocrx_word' id='word_1_277' title='bbox 262 2676 373 2721; x_wconf 87' lang='lat' dir='ltr'>gesta</span> <span class='ocrx_word' id='word_1_278' title='bbox 394 2674 572 2722; x_wconf 88' lang='lat' dir='ltr'>fuerant,</span> <span class='ocrx_word' id='word_1_279' title='bbox 602 2689 689 2715; x_wconf 88' lang='lat' dir='ltr'>cum</span> <span class='ocrx_word' id='word_1_280' title='bbox 711 2678 891 2716; x_wconf 86' lang='lat' dir='ltr'>omnibus</span> <span class='ocrx_word' id='word_1_281' title='bbox 923 2683 962 2717; x_wconf 88' lang='lat' dir='ltr'>et</span> <span class='ocrx_word' id='word_1_282' title='bbox 991 2681 1152 2729; x_wconf 81' lang='lat' dir='ltr'>singulis</span> 
     </span>
     <span class='ocr_line' id='line_1_49' title="bbox 205 2728 1152 2783; baseline 0.01 -20"><span class='ocrx_word' id='word_1_283' title='bbox 205 2728 418 2775; x_wconf 87' lang='lat' dir='ltr'>mandatis,</span> <span class='ocrx_word' id='word_1_284' title='bbox 442 2730 595 2778; x_wconf 86' lang='lat' dir='ltr'>edictis,</span> <span class='ocrx_word' id='word_1_285' title='bbox 617 2733 844 2780; x_wconf 89' lang='lat' dir='ltr'>sententiis,</span> <span class='ocrx_word' id='word_1_286' title='bbox 863 2746 886 2771; x_wconf 90' lang='lat' dir='ltr'>a</span> <span class='ocrx_word' id='word_1_287' title='bbox 906 2745 1152 2783; x_wconf 86' lang='lat' dir='ltr'>quacumque</span> 
     </span>
     <span class='ocr_line' id='line_1_50' title="bbox 203 2784 1151 2836; baseline 0.011 -20"><span class='ocrx_word' id='word_1_288' title='bbox 203 2791 369 2829; x_wconf 79' lang='lat' dir='ltr'>persona</span> <span class='ocrx_word' id='word_1_289' title='bbox 388 2784 606 2831; x_wconf 88' lang='lat' dir='ltr'>publicatis,</span> <span class='ocrx_word' id='word_1_290' title='bbox 625 2788 732 2823; x_wconf 91' lang='lat' dir='ltr'>motu</span> <span class='ocrx_word' id='word_1_291' title='bbox 751 2787 906 2836; x_wconf 88' lang='lat' dir='ltr'>proprio</span> <span class='ocrx_word' id='word_1_292' title='bbox 923 2791 1024 2825; x_wconf 82' lang='lat' dir='ltr'>etex</span> <span class='ocrx_word' id='word_1_293' title='bbox 1044 2792 1151 2826; x_wconf 84' lang='lat' dir='ltr'>certa</span> 
     </span>
     <span class='ocr_line' id='line_1_51' title="bbox 203 2834 1152 2890; baseline 0.009 -20"><span class='ocrx_word' id='word_1_294' title='bbox 203 2834 365 2872; x_wconf 86' lang='lat' dir='ltr'>scientia</span> <span class='ocrx_word' id='word_1_295' title='bbox 391 2839 508 2886; x_wconf 86' lang='lat' dir='ltr'>atque</span> <span class='ocrx_word' id='word_1_296' title='bbox 540 2839 781 2887; x_wconf 86' lang='lat' dir='ltr'>plenitudine</span> <span class='ocrx_word' id='word_1_297' title='bbox 813 2842 1016 2890; x_wconf 87' lang='lat' dir='ltr'>potcstatis</span> <span class='ocrx_word' id='word_1_298' title='bbox 1047 2843 1152 2880; x_wconf 88' lang='lat' dir='ltr'>nulla</span> 
     </span>
     <span class='ocr_line' id='line_1_52' title="bbox 202 2887 1151 2940; baseline 0.009 -16"><span class='ocrx_word' id='word_1_299' title='bbox 202 2887 284 2936; x_wconf 84' lang='lat' dir='ltr'>ipso</span> <span class='ocrx_word' id='word_1_300' title='bbox 306 2889 400 2936; x_wconf 90' lang='lat' dir='ltr'>iure,</span> <span class='ocrx_word' id='word_1_301' title='bbox 418 2892 543 2938; x_wconf 86' lang='lat' dir='ltr'>irrita,</span> <span class='ocrx_word' id='word_1_302' title='bbox 560 2893 744 2940; x_wconf 85' lang='lat' dir='ltr'>invalida,</span> <span class='ocrx_word' id='word_1_303' title='bbox 762 2897 802 2932; x_wconf 88' lang='lat' dir='ltr'>et</span> <span class='ocrx_word' id='word_1_304' title='bbox 822 2895 954 2933; x_wconf 90' lang='lat' dir='ltr'>inania</span> <span class='ocrx_word' id='word_1_305' title='bbox 970 2897 1018 2933; x_wconf 82' lang='lat' dir='ltr'>ab</span> <span class='ocrx_word' id='word_1_306' title='bbox 1040 2897 1151 2934; x_wconf 89' lang='lat' dir='ltr'>initio</span> 
     </span>
     <span class='ocr_line' id='line_1_53' title="bbox 203 2940 1150 2999; baseline 0.01 -21"><span class='ocrx_word' id='word_1_307' title='bbox 203 2940 339 2990; x_wconf 84' lang='lat' dir='ltr'>fuisse,</span> <span class='ocrx_word' id='word_1_308' title='bbox 370 2956 454 2982; x_wconf 80' lang='lat' dir='ltr'>csse</span> <span class='ocrx_word' id='word_1_309' title='bbox 481 2948 520 2983; x_wconf 90' lang='lat' dir='ltr'>et</span> <span class='ocrx_word' id='word_1_310' title='bbox 542 2950 726 2997; x_wconf 87' lang='lat' dir='ltr'>perpetuo</span> <span class='ocrx_word' id='word_1_311' title='bbox 755 2947 856 2996; x_wconf 87' lang='lat' dir='ltr'>fore,</span> <span class='ocrx_word' id='word_1_312' title='bbox 881 2949 1150 2999; x_wconf 82' lang='lat' dir='ltr'>neminemque</span> 
     </span>
     <span class='ocr_line' id='line_1_54' title="bbox 201 2996 1148 3052; baseline 0.01 -20"><span class='ocrx_word' id='word_1_313' title='bbox 201 2996 248 3033; x_wconf 88' lang='lat' dir='ltr'>ad</span> <span class='ocrx_word' id='word_1_314' title='bbox 270 2996 438 3047; x_wconf 85' lang='lat' dir='ltr'>illorum,</span> <span class='ocrx_word' id='word_1_315' title='bbox 459 3000 529 3038; x_wconf 92' lang='lat' dir='ltr'>etsi</span> <span class='ocrx_word' id='word_1_316' title='bbox 550 3001 773 3040; x_wconf 88' lang='lat' dir='ltr'>iuramento</span> <span class='ocrx_word' id='word_1_317' title='bbox 794 3003 997 3052; x_wconf 88' lang='lat' dir='ltr'>promissa,</span> <span class='ocrx_word' id='word_1_318' title='bbox 1017 3005 1148 3043; x_wconf 84' lang='lat' dir='ltr'>obscr-</span> 
     </span>
    </p>
   </div>
   <div class='ocr_carea' id='block_1_3' title="bbox 203 3133 1146 3262">
    <p class='ocr_par' dir='ltr' id='par_1_5' title="bbox 203 3133 1146 3262">
     <span class='ocr_line' id='line_1_55' title="bbox 246 3133 867 3181; baseline 0.014 -17"><span class='ocrx_word' id='word_1_319' title='bbox 246 3133 252 3153; x_wconf 92' lang='lat'><strong>¹</strong></span> <span class='ocrx_word' id='word_1_320' title='bbox 274 3135 337 3167; x_wconf 85' lang='lat' dir='ltr'>Vid.</span> <span class='ocrx_word' id='word_1_321' title='bbox 355 3137 504 3177; x_wconf 76' lang='lat' dir='ltr'>scriptor.</span> <span class='ocrx_word' id='word_1_322' title='bbox 520 3139 548 3170; x_wconf 92' lang='lat' dir='ltr'>in</span> <span class='ocrx_word' id='word_1_323' title='bbox 567 3143 627 3172; x_wconf 81' lang='lat' dir='ltr'>not.</span> <span class='ocrx_word' id='word_1_324' title='bbox 648 3141 663 3172; x_wconf 94' lang='lat'><strong>7</strong></span> <span class='ocrx_word' id='word_1_325' title='bbox 682 3151 709 3181; x_wconf 80' lang='lat' dir='ltr'>p,</span> <span class='ocrx_word' id='word_1_326' title='bbox 726 3141 788 3172; x_wconf 71' lang='lat'>232</span> <span class='ocrx_word' id='word_1_327' title='bbox 805 3142 867 3174; x_wconf 80' lang='lat' dir='ltr'>citt.</span> 
     </span>
     <span class='ocr_line' id='line_1_56' title="bbox 241 3175 1146 3219; baseline 0.015 -15"><span class='ocrx_word' id='word_1_328' title='bbox 241 3175 254 3195; x_wconf 83' lang='lat'>²</span> <span class='ocrx_word' id='word_1_329' title='bbox 271 3178 358 3208; x_wconf 78' lang='lat' dir='ltr'>Card.</span> <span class='ocrx_word' id='word_1_330' title='bbox 389 3180 555 3219; x_wconf 74' lang='lat' dir='ltr'>Ssondrati,</span> <span class='ocrx_word' id='word_1_331' title='bbox 581 3181 624 3212; x_wconf 77' lang='lat' dir='ltr'>Da</span> <span class='ocrx_word' id='word_1_332' title='bbox 647 3183 906 3216; x_wconf 74' lang='lat' dir='ltr'>immunitatibus</span> <span class='ocrx_word' id='word_1_333' title='bbox 936 3184 1146 3218; x_wconf 73' lang='lat' dir='ltr'>districtuum</span> 
     </span>
     <span class='ocr_line' id='line_1_57' title="bbox 203 3220 776 3262; baseline 0.016 -15"><span class='ocrx_word' id='word_1_334' title='bbox 203 3220 370 3250; x_wconf 75' lang='lat' dir='ltr'>oratorum</span> <span class='ocrx_word' id='word_1_335' title='bbox 386 3230 501 3262; x_wconf 68' lang='lat' dir='ltr'>reglum</span> <span class='ocrx_word' id='word_1_336' title='bbox 518 3224 550 3254; x_wconf 86' lang='lat' dir='ltr'>in</span> <span class='ocrx_word' id='word_1_337' title='bbox 571 3223 651 3255; x_wconf 76' lang='lat' dir='ltr'>Urbe</span> <span class='ocrx_word' id='word_1_338' title='bbox 667 3224 776 3256; x_wconf 70' lang='lat' dir='ltr'>Roma.</span> 
     </span>
    </p>
   </div>
   <div class='ocr_carea' id='block_1_4' title="bbox 800 130 1604 162">
    <p class='ocr_par' dir='ltr' id='par_1_6' title="bbox 800 130 1604 162">
     <span class='ocr_line' id='line_1_58' title="bbox 800 130 1604 162; baseline 0.002 -2"><span class='ocrx_word' id='word_1_339' title='bbox 800 133 957 161; x_wconf 80' lang='lat' dir='ltr'>EPOCHA</span> <span class='ocrx_word' id='word_1_340' title='bbox 986 131 1055 159; x_wconf 85' lang='lat' dir='ltr'>XII.</span> <span class='ocrx_word' id='word_1_341' title='bbox 1086 131 1114 158; x_wconf 79' lang='lat' dir='ltr'>A</span> <span class='ocrx_word' id='word_1_342' title='bbox 1142 130 1294 160; x_wconf 85' lang='lat' dir='ltr'>LITIBVS</span> <span class='ocrx_word' id='word_1_343' title='bbox 1322 132 1604 162; x_wconf 84' lang='lat' dir='ltr'>IANSENISTIGIS</span> 
     </span>
    </p>
   </div>
   <div class='ocr_carea' id='block_1_5' title="bbox 1192 196 2153 3109">
    <p class='ocr_par' dir='ltr' id='par_1_7' title="bbox 1199 196 2151 570">
     <span class='ocr_line' id='line_1_59' title="bbox 1201 196 2148 251; baseline 0.007 -18"><span class='ocrx_word' id='word_1_344' title='bbox 1201 196 1398 234; x_wconf 88' lang='lat' dir='ltr'>vationem</span> <span class='ocrx_word' id='word_1_345' title='bbox 1427 198 1568 245; x_wconf 89' lang='lat' dir='ltr'>teneri,</span> <span class='ocrx_word' id='word_1_346' title='bbox 1597 198 1823 248; x_wconf 83' lang='lat' dir='ltr'>declaravit,</span> <span class='ocrx_word' id='word_1_347' title='bbox 1853 212 2087 251; x_wconf 88' lang='lat' dir='ltr'>rursumque</span> <span class='ocrx_word' id='word_1_348' title='bbox 2109 214 2148 239; x_wconf 95' lang='lat' dir='ltr'>o-</span> 
     </span>
     <span class='ocr_line' id='line_1_60' title="bbox 1201 250 2151 302; baseline 0.006 -16"><span class='ocrx_word' id='word_1_349' title='bbox 1201 250 1307 287; x_wconf 90' lang='lat' dir='ltr'>mnia</span> <span class='ocrx_word' id='word_1_350' title='bbox 1328 253 1367 288; x_wconf 91' lang='lat' dir='ltr'>et</span> <span class='ocrx_word' id='word_1_351' title='bbox 1392 250 1547 301; x_wconf 89' lang='lat' dir='ltr'>singula</span> <span class='ocrx_word' id='word_1_352' title='bbox 1566 252 1822 301; x_wconf 88' lang='lat' dir='ltr'>improbavit,</span> <span class='ocrx_word' id='word_1_353' title='bbox 1845 255 2034 302; x_wconf 88' lang='lat' dir='ltr'>cassavit,</span> <span class='ocrx_word' id='word_1_354' title='bbox 2059 255 2151 293; x_wconf 89' lang='lat' dir='ltr'>irri-</span> 
     </span>
     <span class='ocr_line' id='line_1_61' title="bbox 1200 304 2149 351; baseline 0.007 -11"><span class='ocrx_word' id='word_1_355' title='bbox 1200 304 1314 351; x_wconf 81' lang='lat' dir='ltr'>tavit,</span> <span class='ocrx_word' id='word_1_356' title='bbox 1345 305 1576 344; x_wconf 87' lang='lat' dir='ltr'>annullavit.</span> <span class='ocrx_word' id='word_1_357' title='bbox 1608 306 1824 346; x_wconf 90' lang='lat' dir='ltr'>Praeterea</span> <span class='ocrx_word' id='word_1_358' title='bbox 1859 309 1907 347; x_wconf 87' lang='lat' dir='ltr'>ad</span> <span class='ocrx_word' id='word_1_359' title='bbox 1937 308 2149 347; x_wconf 87' lang='lat' dir='ltr'>decessoris</span> 
     </span>
     <span class='ocr_line' id='line_1_62' title="bbox 1199 357 2150 409; baseline 0.008 -16"><span class='ocrx_word' id='word_1_360' title='bbox 1199 357 1257 394; x_wconf 92' lang='lat' dir='ltr'>sui</span> <span class='ocrx_word' id='word_1_361' title='bbox 1279 359 1499 407; x_wconf 79' lang='lat' dir='ltr'>exemplum</span> <span class='ocrx_word' id='word_1_362' title='bbox 1521 359 1589 406; x_wconf 88' lang='lat' dir='ltr'>iis,</span> <span class='ocrx_word' id='word_1_363' title='bbox 1611 360 1676 409; x_wconf 87' lang='lat' dir='ltr'>qui</span> <span class='ocrx_word' id='word_1_364' title='bbox 1696 360 1808 399; x_wconf 88' lang='lat' dir='ltr'>dictis</span> <span class='ocrx_word' id='word_1_365' title='bbox 1836 362 2003 401; x_wconf 90' lang='lat' dir='ltr'>comitiis</span> <span class='ocrx_word' id='word_1_366' title='bbox 2024 363 2150 401; x_wconf 88' lang='lat' dir='ltr'>inter-</span> 
     </span>
     <span class='ocr_line' id='line_1_63' title="bbox 1201 410 2151 466; baseline 0.008 -19"><span class='ocrx_word' id='word_1_367' title='bbox 1201 410 1356 449; x_wconf 90' lang='lat' dir='ltr'>fuerant</span> <span class='ocrx_word' id='word_1_368' title='bbox 1382 413 1489 450; x_wconf 89' lang='lat' dir='ltr'>etad</span> <span class='ocrx_word' id='word_1_369' title='bbox 1511 413 1748 462; x_wconf 88' lang='lat' dir='ltr'>episcopales</span> <span class='ocrx_word' id='word_1_370' title='bbox 1767 416 1876 454; x_wconf 92' lang='lat' dir='ltr'>sedes</span> <span class='ocrx_word' id='word_1_371' title='bbox 1904 428 1928 454; x_wconf 90' lang='lat' dir='ltr'>a</span> <span class='ocrx_word' id='word_1_372' title='bbox 1959 428 2051 466; x_wconf 88' lang='lat' dir='ltr'>rege</span> <span class='ocrx_word' id='word_1_373' title='bbox 2077 428 2151 454; x_wconf 91' lang='lat' dir='ltr'>no-</span> 
     </span>
     <span class='ocr_line' id='line_1_64' title="bbox 1201 465 2149 514; baseline 0.009 -13"><span class='ocrx_word' id='word_1_374' title='bbox 1201 465 1338 503; x_wconf 88' lang='lat' dir='ltr'>minati</span> <span class='ocrx_word' id='word_1_375' title='bbox 1360 468 1491 514; x_wconf 75' lang='lat' dir='ltr'>erant,</span> <span class='ocrx_word' id='word_1_376' title='bbox 1513 466 1818 507; x_wconf 87' lang='lat' dir='ltr'>confirmationis</span> <span class='ocrx_word' id='word_1_377' title='bbox 1839 481 1906 508; x_wconf 91' lang='lat' dir='ltr'>seu</span> <span class='ocrx_word' id='word_1_378' title='bbox 1929 469 2149 509; x_wconf 85' lang='lat' dir='ltr'>institutio-</span> 
     </span>
     <span class='ocr_line' id='line_1_65' title="bbox 1201 518 1648 570; baseline 0.011 -16"><span class='ocrx_word' id='word_1_379' title='bbox 1201 518 1259 556; x_wconf 92' lang='lat' dir='ltr'>nis</span> <span class='ocrx_word' id='word_1_380' title='bbox 1279 519 1407 558; x_wconf 88' lang='lat' dir='ltr'>bullas</span> <span class='ocrx_word' id='word_1_381' title='bbox 1428 521 1648 570; x_wconf 87' lang='lat' dir='ltr'>denegavit.</span> 
     </span>
    </p>

    <p class='ocr_par' dir='ltr' id='par_1_8' title="bbox 1192 573 2153 2663">
     <span class='ocr_line' id='line_1_66' title="bbox 1253 573 2147 616; baseline 0.007 -6"><span class='ocrx_word' id='word_1_382' title='bbox 1253 573 1366 611; x_wconf 91' lang='lat' dir='ltr'>Anno</span> <span class='ocrx_word' id='word_1_383' title='bbox 1404 574 1500 612; x_wconf 87' lang='lat'>1691</span> <span class='ocrx_word' id='word_1_384' title='bbox 1537 574 1762 613; x_wconf 83' lang='lat' dir='ltr'>Alexandro</span> <span class='ocrx_word' id='word_1_385' title='bbox 1795 575 1890 615; x_wconf 91' lang='lat' dir='ltr'>VIII</span> <span class='ocrx_word' id='word_1_386' title='bbox 1923 577 1961 614; x_wconf 90' lang='lat' dir='ltr'>in</span> <span class='ocrx_word' id='word_1_387' title='bbox 1995 589 2147 616; x_wconf 88' lang='lat' dir='ltr'>summo</span> 
     </span>
     <span class='ocr_line' id='line_1_67' title="bbox 1201 626 2150 675; baseline 0.006 -12"><span class='ocrx_word' id='word_1_388' title='bbox 1201 626 1429 675; x_wconf 88' lang='lat' dir='ltr'>pontificatu</span> <span class='ocrx_word' id='word_1_389' title='bbox 1459 628 1646 666; x_wconf 86' lang='lat' dir='ltr'>suecessit</span> <span class='ocrx_word' id='word_1_390' title='bbox 1673 629 1924 669; x_wconf 89' lang='lat' dir='ltr'>Innocentius</span> <span class='ocrx_word' id='word_1_391' title='bbox 1954 630 2047 670; x_wconf 91' lang='lat' dir='ltr'>XII.</span> <span class='ocrx_word' id='word_1_392' title='bbox 2069 632 2150 669; x_wconf 88' lang='lat' dir='ltr'>Sub</span> 
     </span>
     <span class='ocr_line' id='line_1_68' title="bbox 1201 681 2150 733; baseline 0.006 -17"><span class='ocrx_word' id='word_1_393' title='bbox 1201 692 1245 717; x_wconf 92' lang='lat' dir='ltr'>eo</span> <span class='ocrx_word' id='word_1_394' title='bbox 1275 681 1433 719; x_wconf 90' lang='lat' dir='ltr'>dissidia</span> <span class='ocrx_word' id='word_1_395' title='bbox 1460 683 1620 720; x_wconf 87' lang='lat' dir='ltr'>tandem</span> <span class='ocrx_word' id='word_1_396' title='bbox 1650 683 1863 733; x_wconf 88' lang='lat' dir='ltr'>composita</span> <span class='ocrx_word' id='word_1_397' title='bbox 1896 686 2003 722; x_wconf 88' lang='lat' dir='ltr'>sunt.</span> <span class='ocrx_word' id='word_1_398' title='bbox 2037 686 2150 723; x_wconf 91' lang='lat' dir='ltr'>Anno</span> 
     </span>
     <span class='ocr_line' id='line_1_69' title="bbox 1204 733 2150 786; baseline 0.005 -15"><span class='ocrx_word' id='word_1_399' title='bbox 1204 733 1305 772; x_wconf 88' lang='lat'>1693</span> <span class='ocrx_word' id='word_1_400' title='bbox 1320 735 1487 785; x_wconf 88' lang='lat' dir='ltr'>episcopi</span> <span class='ocrx_word' id='word_1_401' title='bbox 1509 735 1572 782; x_wconf 81' lang='lat'>35,</span> <span class='ocrx_word' id='word_1_402' title='bbox 1590 748 1611 775; x_wconf 83' lang='lat' dir='ltr'>a</span> <span class='ocrx_word' id='word_1_403' title='bbox 1631 747 1722 786; x_wconf 87' lang='lat' dir='ltr'>rege</span> <span class='ocrx_word' id='word_1_404' title='bbox 1745 737 1946 786; x_wconf 86' lang='lat' dir='ltr'>nominati,</span> <span class='ocrx_word' id='word_1_405' title='bbox 1964 738 2030 776; x_wconf 89' lang='lat' dir='ltr'>sed</span> <span class='ocrx_word' id='word_1_406' title='bbox 2050 750 2150 776; x_wconf 88' lang='lat' dir='ltr'>non-</span> 
     </span>
     <span class='ocr_line' id='line_1_70' title="bbox 1202 788 2150 837; baseline 0.007 -13"><span class='ocrx_word' id='word_1_407' title='bbox 1202 788 1293 826; x_wconf 90' lang='lat' dir='ltr'>dum</span> <span class='ocrx_word' id='word_1_408' title='bbox 1310 800 1332 826; x_wconf 90' lang='lat' dir='ltr'>a</span> <span class='ocrx_word' id='word_1_409' title='bbox 1352 789 1543 827; x_wconf 89' lang='lat' dir='ltr'>Pontifice</span> <span class='ocrx_word' id='word_1_410' title='bbox 1560 790 1744 837; x_wconf 88' lang='lat' dir='ltr'>instituti,</span> <span class='ocrx_word' id='word_1_411' title='bbox 1759 791 1912 830; x_wconf 87' lang='lat' dir='ltr'>litteras</span> <span class='ocrx_word' id='word_1_412' title='bbox 1935 792 2150 830; x_wconf 89' lang='lat' dir='ltr'>secundum</span> 
     </span>
     <span class='ocr_line' id='line_1_71' title="bbox 1201 842 2150 896; baseline 0.005 -17"><span class='ocrx_word' id='word_1_413' title='bbox 1201 842 1422 891; x_wconf 84' lang='lat' dir='ltr'>formulam,</span> <span class='ocrx_word' id='word_1_414' title='bbox 1439 844 1485 881; x_wconf 91' lang='lat' dir='ltr'>de</span> <span class='ocrx_word' id='word_1_415' title='bbox 1501 844 1699 894; x_wconf 86' lang='lat' dir='ltr'>quainter</span> <span class='ocrx_word' id='word_1_416' title='bbox 1713 845 1939 894; x_wconf 90' lang='lat' dir='ltr'>pontificem</span> <span class='ocrx_word' id='word_1_417' title='bbox 1956 848 1996 884; x_wconf 92' lang='lat' dir='ltr'>et</span> <span class='ocrx_word' id='word_1_418' title='bbox 2017 857 2150 896; x_wconf 88' lang='lat' dir='ltr'>regem</span> 
     </span>
     <span class='ocr_line' id='line_1_72' title="bbox 1202 898 2148 948; baseline 0.005 -15"><span class='ocrx_word' id='word_1_419' title='bbox 1202 899 1462 944; x_wconf 85' lang='lat' dir='ltr'>convenerat,</span> <span class='ocrx_word' id='word_1_420' title='bbox 1483 900 1531 936; x_wconf 87' lang='lat' dir='ltr'>ad</span> <span class='ocrx_word' id='word_1_421' title='bbox 1552 898 1824 936; x_wconf 85' lang='lat' dir='ltr'>Innocentium</span> <span class='ocrx_word' id='word_1_422' title='bbox 1851 899 1928 937; x_wconf 93' lang='lat' dir='ltr'>XII</span> <span class='ocrx_word' id='word_1_423' title='bbox 1949 900 2148 948; x_wconf 89' lang='lat' dir='ltr'>dederunt,</span> 
     </span>
     <span class='ocr_line' id='line_1_73' title="bbox 1200 951 2150 1001; baseline 0.004 -13"><span class='ocrx_word' id='word_1_424' title='bbox 1200 951 1238 988; x_wconf 92' lang='lat' dir='ltr'>in</span> <span class='ocrx_word' id='word_1_425' title='bbox 1261 951 1413 999; x_wconf 82' lang='lat' dir='ltr'>quibus,</span> <span class='ocrx_word' id='word_1_426' title='bbox 1433 953 1666 990; x_wconf 85' lang='lat' dir='ltr'>sententiam</span> <span class='ocrx_word' id='word_1_427' title='bbox 1687 952 1892 1001; x_wconf 86' lang='lat' dir='ltr'>pristinam</span> <span class='ocrx_word' id='word_1_428' title='bbox 1926 955 2150 993; x_wconf 87' lang='lat' dir='ltr'>retractan-</span> 
     </span>
     <span class='ocr_line' id='line_1_74' title="bbox 1200 1005 2148 1055; baseline 0.006 -13"><span class='ocrx_word' id='word_1_429' title='bbox 1200 1007 1271 1051; x_wconf 87' lang='lat' dir='ltr'>tes,</span> <span class='ocrx_word' id='word_1_430' title='bbox 1293 1005 1492 1044; x_wconf 88' lang='lat' dir='ltr'>dicebant:</span> <span class='ocrx_word' id='word_1_431' title='bbox 1517 1019 1538 1045; x_wconf 89' lang='lat'>«</span> <span class='ocrx_word' id='word_1_432' title='bbox 1559 1007 1618 1044; x_wconf 92' lang='lat' dir='ltr'>Ad</span> <span class='ocrx_word' id='word_1_433' title='bbox 1642 1007 1758 1055; x_wconf 90' lang='lat' dir='ltr'>pedes</span> <span class='ocrx_word' id='word_1_434' title='bbox 1778 1006 2042 1046; x_wconf 87' lang='lat' dir='ltr'>Beatitudinis</span> <span class='ocrx_word' id='word_1_435' title='bbox 2062 1009 2148 1048; x_wconf 89' lang='lat' dir='ltr'>Ve-</span> 
     </span>
     <span class='ocr_line' id='line_1_75' title="bbox 1200 1060 2148 1110; baseline 0.004 -14"><span class='ocrx_word' id='word_1_436' title='bbox 1200 1062 1303 1097; x_wconf 87' lang='lat' dir='ltr'>strae</span> <span class='ocrx_word' id='word_1_437' title='bbox 1323 1060 1542 1108; x_wconf 89' lang='lat' dir='ltr'>provoluti,</span> <span class='ocrx_word' id='word_1_438' title='bbox 1563 1060 1794 1109; x_wconf 90' lang='lat' dir='ltr'>profitemur</span> <span class='ocrx_word' id='word_1_439' title='bbox 1822 1063 1862 1099; x_wconf 88' lang='lat' dir='ltr'>et</span> <span class='ocrx_word' id='word_1_440' title='bbox 1891 1061 2148 1110; x_wconf 84' lang='lat' dir='ltr'>declaramus,</span> 
     </span>
     <span class='ocr_line' id='line_1_76' title="bbox 1200 1113 2149 1165; baseline 0.005 -15"><span class='ocrx_word' id='word_1_441' title='bbox 1200 1124 1267 1150; x_wconf 92' lang='lat' dir='ltr'>nos</span> <span class='ocrx_word' id='word_1_442' title='bbox 1285 1113 1542 1152; x_wconf 89' lang='lat' dir='ltr'>vehementer</span> <span class='ocrx_word' id='word_1_443' title='bbox 1558 1117 1596 1152; x_wconf 89' lang='lat' dir='ltr'>et</span> <span class='ocrx_word' id='word_1_444' title='bbox 1613 1127 1730 1164; x_wconf 91' lang='lat' dir='ltr'>supra</span> <span class='ocrx_word' id='word_1_445' title='bbox 1746 1115 1784 1152; x_wconf 89' lang='lat' dir='ltr'>id</span> <span class='ocrx_word' id='word_1_446' title='bbox 1801 1116 1902 1163; x_wconf 90' lang='lat' dir='ltr'>quod</span> <span class='ocrx_word' id='word_1_447' title='bbox 1918 1115 1993 1153; x_wconf 87' lang='lat' dir='ltr'>dici</span> <span class='ocrx_word' id='word_1_448' title='bbox 2011 1118 2149 1165; x_wconf 89' lang='lat' dir='ltr'>potest,</span> 
     </span>
     <span class='ocr_line' id='line_1_77' title="bbox 1201 1167 2147 1218; baseline 0.005 -14"><span class='ocrx_word' id='word_1_449' title='bbox 1201 1179 1250 1204; x_wconf 80' lang='lat' dir='ltr'>ex</span> <span class='ocrx_word' id='word_1_450' title='bbox 1271 1167 1386 1204; x_wconf 91' lang='lat' dir='ltr'>corde</span> <span class='ocrx_word' id='word_1_451' title='bbox 1414 1167 1543 1206; x_wconf 89' lang='lat' dir='ltr'>dolere</span> <span class='ocrx_word' id='word_1_452' title='bbox 1572 1168 1617 1206; x_wconf 89' lang='lat' dir='ltr'>de</span> <span class='ocrx_word' id='word_1_453' title='bbox 1639 1169 1754 1206; x_wconf 87' lang='lat' dir='ltr'>rebus</span> <span class='ocrx_word' id='word_1_454' title='bbox 1774 1169 1894 1218; x_wconf 86' lang='lat' dir='ltr'>gestis</span> <span class='ocrx_word' id='word_1_455' title='bbox 1921 1169 1960 1207; x_wconf 92' lang='lat' dir='ltr'>in</span> <span class='ocrx_word' id='word_1_456' title='bbox 1982 1170 2147 1209; x_wconf 86' lang='lat' dir='ltr'>comitiis</span> 
     </span>
     <span class='ocr_line' id='line_1_78' title="bbox 1200 1221 2146 1273; baseline 0.004 -15"><span class='ocrx_word' id='word_1_457' title='bbox 1200 1221 1417 1270; x_wconf 87' lang='lat' dir='ltr'>praedictis,</span> <span class='ocrx_word' id='word_1_458' title='bbox 1440 1234 1540 1271; x_wconf 89' lang='lat' dir='ltr'>quae</span> <span class='ocrx_word' id='word_1_459' title='bbox 1560 1222 1768 1260; x_wconf 87' lang='lat' dir='ltr'>Sanctitati</span> <span class='ocrx_word' id='word_1_460' title='bbox 1791 1223 1957 1262; x_wconf 86' lang='lat' dir='ltr'>Vestrae</span> <span class='ocrx_word' id='word_1_461' title='bbox 1984 1224 2146 1273; x_wconf 85' lang='lat' dir='ltr'>eiusque</span> 
     </span>
     <span class='ocr_line' id='line_1_79' title="bbox 1201 1276 2143 1327; baseline 0.004 -15"><span class='ocrx_word' id='word_1_462' title='bbox 1201 1276 1563 1324; x_wconf 85' lang='lat' dir='ltr'>praedecessoribus</span> <span class='ocrx_word' id='word_1_463' title='bbox 1580 1288 1828 1326; x_wconf 90' lang='lat' dir='ltr'>summopere</span> <span class='ocrx_word' id='word_1_464' title='bbox 1845 1277 2143 1327; x_wconf 86' lang='lat' dir='ltr'>displicuerunt.</span> 
     </span>
     <span class='ocr_line' id='line_1_80' title="bbox 1198 1329 2145 1379; baseline 0.004 -13"><span class='ocrx_word' id='word_1_465' title='bbox 1198 1329 1254 1366; x_wconf 88' lang='lat' dir='ltr'>Ac</span> <span class='ocrx_word' id='word_1_466' title='bbox 1267 1330 1426 1378; x_wconf 87' lang='lat' dir='ltr'>proinde</span> <span class='ocrx_word' id='word_1_467' title='bbox 1442 1330 1630 1379; x_wconf 89' lang='lat' dir='ltr'>quidquid</span> <span class='ocrx_word' id='word_1_468' title='bbox 1646 1330 1684 1368; x_wconf 91' lang='lat' dir='ltr'>in</span> <span class='ocrx_word' id='word_1_469' title='bbox 1697 1330 1841 1368; x_wconf 87' lang='lat' dir='ltr'>eisdem</span> <span class='ocrx_word' id='word_1_470' title='bbox 1859 1331 2025 1370; x_wconf 89' lang='lat' dir='ltr'>comitiis</span> <span class='ocrx_word' id='word_1_471' title='bbox 2041 1331 2145 1370; x_wconf 88' lang='lat' dir='ltr'>circa</span> 
     </span>
     <span class='ocr_line' id='line_1_81' title="bbox 1199 1383 2153 1435; baseline 0.004 -15"><span class='ocrx_word' id='word_1_472' title='bbox 1199 1383 1506 1422; x_wconf 88' lang='lat' dir='ltr'>ecclesiasticam</span> <span class='ocrx_word' id='word_1_473' title='bbox 1528 1386 1760 1434; x_wconf 90' lang='lat' dir='ltr'>potestatem</span> <span class='ocrx_word' id='word_1_474' title='bbox 1778 1388 1817 1423; x_wconf 89' lang='lat' dir='ltr'>et</span> <span class='ocrx_word' id='word_1_475' title='bbox 1837 1385 2076 1435; x_wconf 89' lang='lat' dir='ltr'>pontificiam</span> <span class='ocrx_word' id='word_1_476' title='bbox 2089 1397 2153 1424; x_wconf 91' lang='lat' dir='ltr'>au-</span> 
     </span>
     <span class='ocr_line' id='line_1_82' title="bbox 1199 1437 2145 1490; baseline 0.004 -16"><span class='ocrx_word' id='word_1_477' title='bbox 1199 1437 1423 1475; x_wconf 88' lang='lat' dir='ltr'>ctoritatem</span> <span class='ocrx_word' id='word_1_478' title='bbox 1444 1439 1645 1476; x_wconf 89' lang='lat' dir='ltr'>decretum</span> <span class='ocrx_word' id='word_1_479' title='bbox 1663 1440 1812 1476; x_wconf 89' lang='lat' dir='ltr'>censeri</span> <span class='ocrx_word' id='word_1_480' title='bbox 1828 1440 1968 1489; x_wconf 90' lang='lat' dir='ltr'>potuit,</span> <span class='ocrx_word' id='word_1_481' title='bbox 1984 1451 2052 1490; x_wconf 90' lang='lat' dir='ltr'>pro</span> <span class='ocrx_word' id='word_1_482' title='bbox 2069 1452 2145 1478; x_wconf 90' lang='lat' dir='ltr'>non</span> 
     </span>
     <span class='ocr_line' id='line_1_83' title="bbox 1199 1491 2152 1532; baseline 0.004 -4"><span class='ocrx_word' id='word_1_483' title='bbox 1199 1491 1353 1529; x_wconf 89' lang='lat' dir='ltr'>decreto</span> <span class='ocrx_word' id='word_1_484' title='bbox 1380 1492 1567 1530; x_wconf 87' lang='lat' dir='ltr'>habemus</span> <span class='ocrx_word' id='word_1_485' title='bbox 1599 1496 1638 1530; x_wconf 91' lang='lat' dir='ltr'>et</span> <span class='ocrx_word' id='word_1_486' title='bbox 1657 1492 1877 1531; x_wconf 91' lang='lat' dir='ltr'>habendum</span> <span class='ocrx_word' id='word_1_487' title='bbox 1906 1505 1990 1532; x_wconf 90' lang='lat' dir='ltr'>esse</span> <span class='ocrx_word' id='word_1_488' title='bbox 2020 1494 2152 1532; x_wconf 86' lang='lat' dir='ltr'>decla-</span> 
     </span>
     <span class='ocr_line' id='line_1_84' title="bbox 1198 1545 2147 1595; baseline 0.004 -13"><span class='ocrx_word' id='word_1_489' title='bbox 1198 1556 1330 1583; x_wconf 90' lang='lat' dir='ltr'>ramus</span> <span class='ocrx_word' id='word_1_490' title='bbox 1347 1556 1383 1583; x_wconf 93' lang='lat'>».</span> <span class='ocrx_word' id='word_1_491' title='bbox 1400 1546 1488 1583; x_wconf 84' lang='lat' dir='ltr'>Rex</span> <span class='ocrx_word' id='word_1_492' title='bbox 1510 1546 1603 1595; x_wconf 90' lang='lat' dir='ltr'>ipse,</span> <span class='ocrx_word' id='word_1_493' title='bbox 1620 1545 1687 1595; x_wconf 91' lang='lat' dir='ltr'>qui</span> <span class='ocrx_word' id='word_1_494' title='bbox 1710 1549 1826 1585; x_wconf 90' lang='lat' dir='ltr'>antea</span> <span class='ocrx_word' id='word_1_495' title='bbox 1843 1548 2147 1586; x_wconf 86' lang='lat' dir='ltr'>declarationem</span> 
     </span>
     <span class='ocr_line' id='line_1_85' title="bbox 1197 1599 2147 1640; baseline 0.004 -4"><span class='ocrx_word' id='word_1_496' title='bbox 1197 1611 1258 1637; x_wconf 89' lang='lat' dir='ltr'>an.</span> <span class='ocrx_word' id='word_1_497' title='bbox 1283 1599 1385 1637; x_wconf 81' lang='grc'>1682</span> <span class='ocrx_word' id='word_1_498' title='bbox 1405 1601 1453 1637; x_wconf 92' lang='lat' dir='ltr'>ab</span> <span class='ocrx_word' id='word_1_499' title='bbox 1475 1601 1653 1638; x_wconf 90' lang='lat' dir='ltr'>omnibus</span> <span class='ocrx_word' id='word_1_500' title='bbox 1682 1601 1811 1638; x_wconf 90' lang='lat' dir='ltr'>teneri</span> <span class='ocrx_word' id='word_1_501' title='bbox 1841 1603 1880 1639; x_wconf 91' lang='lat' dir='ltr'>et</span> <span class='ocrx_word' id='word_1_502' title='bbox 1900 1601 2003 1639; x_wconf 87' lang='lat' dir='ltr'>tradi</span> <span class='ocrx_word' id='word_1_503' title='bbox 2024 1601 2147 1640; x_wconf 89' lang='lat' dir='ltr'>iusse-</span> 
     </span>
     <span class='ocr_line' id='line_1_86' title="bbox 1198 1653 2152 1700; baseline 0.004 -10"><span class='ocrx_word' id='word_1_504' title='bbox 1198 1656 1282 1700; x_wconf 89' lang='lat' dir='ltr'>rat,</span> <span class='ocrx_word' id='word_1_505' title='bbox 1303 1654 1342 1690; x_wconf 88' lang='lat' dir='ltr'>in</span> <span class='ocrx_word' id='word_1_506' title='bbox 1362 1653 1505 1692; x_wconf 89' lang='lat' dir='ltr'>litteris</span> <span class='ocrx_word' id='word_1_507' title='bbox 1533 1659 1627 1692; x_wconf 85' lang='lat' dir='ltr'>v1110</span> <span class='ocrx_word' id='word_1_508' title='bbox 1657 1654 1839 1693; x_wconf 90' lang='lat' dir='ltr'>calendas</span> <span class='ocrx_word' id='word_1_509' title='bbox 1859 1655 2027 1693; x_wconf 89' lang='lat' dir='ltr'>octobris</span> <span class='ocrx_word' id='word_1_510' title='bbox 2050 1655 2152 1694; x_wconf 88' lang='lat'>1693</span> 
     </span>
     <span class='ocr_line' id='line_1_87' title="bbox 1197 1708 2147 1758; baseline 0.002 -13"><span class='ocrx_word' id='word_1_511' title='bbox 1197 1708 1245 1745; x_wconf 87' lang='lat' dir='ltr'>ad</span> <span class='ocrx_word' id='word_1_512' title='bbox 1273 1708 1543 1746; x_wconf 88' lang='lat' dir='ltr'>Innocentium</span> <span class='ocrx_word' id='word_1_513' title='bbox 1571 1708 1649 1746; x_wconf 93' lang='lat' dir='ltr'>XII</span> <span class='ocrx_word' id='word_1_514' title='bbox 1677 1709 1854 1758; x_wconf 90' lang='lat' dir='ltr'>scriptis,</span> <span class='ocrx_word' id='word_1_515' title='bbox 1873 1712 2044 1748; x_wconf 87' lang='lat' dir='ltr'>testatus</span> <span class='ocrx_word' id='word_1_516' title='bbox 2075 1711 2147 1756; x_wconf 89' lang='lat' dir='ltr'>est,</span> 
     </span>
     <span class='ocr_line' id='line_1_88' title="bbox 1195 1762 2146 1813; baseline 0.004 -15"><span class='ocrx_word' id='word_1_517' title='bbox 1195 1773 1234 1799; x_wconf 89' lang='lat' dir='ltr'>se</span> <span class='ocrx_word' id='word_1_518' title='bbox 1253 1762 1473 1808; x_wconf 86' lang='lat' dir='ltr'>mandasse,</span> <span class='ocrx_word' id='word_1_519' title='bbox 1491 1764 1533 1800; x_wconf 92' lang='lat' dir='ltr'>ut</span> <span class='ocrx_word' id='word_1_520' title='bbox 1549 1763 1733 1810; x_wconf 88' lang='lat' dir='ltr'>edictum,</span> <span class='ocrx_word' id='word_1_521' title='bbox 1746 1774 1822 1812; x_wconf 91' lang='lat' dir='ltr'>quo</span> <span class='ocrx_word' id='word_1_522' title='bbox 1838 1775 1908 1813; x_wconf 91' lang='lat' dir='ltr'>pro</span> <span class='ocrx_word' id='word_1_523' title='bbox 1923 1765 2146 1813; x_wconf 87' lang='lat' dir='ltr'>temporum</span> 
     </span>
     <span class='ocr_line' id='line_1_89' title="bbox 1194 1815 2146 1856; baseline 0.003 -4"><span class='ocrx_word' id='word_1_524' title='bbox 1194 1815 1500 1854; x_wconf 87' lang='lat' dir='ltr'>circumstantiis</span> <span class='ocrx_word' id='word_1_525' title='bbox 1522 1828 1653 1854; x_wconf 87' lang='lat' dir='ltr'>omnes</span> <span class='ocrx_word' id='word_1_526' title='bbox 1673 1817 1722 1856; x_wconf 89' lang='lat' dir='ltr'>ad</span> <span class='ocrx_word' id='word_1_527' title='bbox 1744 1817 2052 1856; x_wconf 86' lang='lat' dir='ltr'>declarationem</span> <span class='ocrx_word' id='word_1_528' title='bbox 2068 1829 2146 1855; x_wconf 89' lang='lat' dir='ltr'>ser-</span> 
     </span>
     <span class='ocr_line' id='line_1_90' title="bbox 1198 1870 2152 1920; baseline 0.004 -14"><span class='ocrx_word' id='word_1_529' title='bbox 1198 1870 1365 1907; x_wconf 89' lang='lat' dir='ltr'>vandam</span> <span class='ocrx_word' id='word_1_530' title='bbox 1386 1873 1580 1920; x_wconf 75' lang='lat' dir='ltr'>coegerat,</span> <span class='ocrx_word' id='word_1_531' title='bbox 1602 1871 1782 1920; x_wconf 88' lang='lat' dir='ltr'>deinceps</span> <span class='ocrx_word' id='word_1_532' title='bbox 1804 1871 1955 1909; x_wconf 91' lang='lat' dir='ltr'>nullum</span> <span class='ocrx_word' id='word_1_533' title='bbox 1987 1872 2152 1910; x_wconf 85' lang='lat' dir='ltr'>haberet</span> 
     </span>
     <span class='ocr_line' id='line_1_91' title="bbox 1196 1923 2149 1976; baseline 0.002 -15"><span class='ocrx_word' id='word_1_534' title='bbox 1196 1923 1394 1962; x_wconf 82' lang='lat' dir='ltr'>effectum.</span> <span class='ocrx_word' id='word_1_535' title='bbox 1410 1936 1431 1963; x_wconf 78' lang='grc'><strong>«</strong></span> <span class='ocrx_word' id='word_1_536' title='bbox 1444 1925 1493 1962; x_wconf 87' lang='lat' dir='ltr'>Et</span> <span class='ocrx_word' id='word_1_537' title='bbox 1506 1924 1596 1973; x_wconf 88' lang='lat' dir='ltr'>quia</span> <span class='ocrx_word' id='word_1_538' title='bbox 1616 1925 1743 1963; x_wconf 90' lang='lat' dir='ltr'>animo</span> <span class='ocrx_word' id='word_1_539' title='bbox 1766 1925 1901 1973; x_wconf 88' lang='lat' dir='ltr'>statui,</span> <span class='ocrx_word' id='word_1_540' title='bbox 1921 1925 2149 1976; x_wconf 91' lang='lat' dir='ltr'>inquit,qua</span> 
     </span>
     <span class='ocr_line' id='line_1_92' title="bbox 1196 1978 2147 2029; baseline 0.002 -14"><span class='ocrx_word' id='word_1_541' title='bbox 1196 1978 1370 2016; x_wconf 84' lang='lat' dir='ltr'>maxima</span> <span class='ocrx_word' id='word_1_542' title='bbox 1390 1978 1540 2016; x_wconf 81' lang='lat' dir='ltr'>ratione</span> <span class='ocrx_word' id='word_1_543' title='bbox 1556 1991 1725 2028; x_wconf 87' lang='lat' dir='ltr'>possum,</span> <span class='ocrx_word' id='word_1_544' title='bbox 1741 1979 1779 2017; x_wconf 92' lang='lat' dir='ltr'>id</span> <span class='ocrx_word' id='word_1_545' title='bbox 1794 1979 1921 2029; x_wconf 87' lang='lat' dir='ltr'>ipsum</span> <span class='ocrx_word' id='word_1_546' title='bbox 1937 1979 2147 2018; x_wconf 87' lang='lat' dir='ltr'>Sanetitati</span> 
     </span>
     <span class='ocr_line' id='line_1_93' title="bbox 1196 2032 2150 2081; baseline 0.002 -12"><span class='ocrx_word' id='word_1_547' title='bbox 1196 2032 1361 2070; x_wconf 87' lang='lat' dir='ltr'>Vestrae</span> <span class='ocrx_word' id='word_1_548' title='bbox 1392 2034 1580 2070; x_wconf 87' lang='lat' dir='ltr'>testatum</span> <span class='ocrx_word' id='word_1_549' title='bbox 1609 2033 1746 2081; x_wconf 82' lang='lat' dir='ltr'>facere3</span> <span class='ocrx_word' id='word_1_550' title='bbox 1777 2033 1902 2072; x_wconf 89' lang='lat' dir='ltr'>latere</span> <span class='ocrx_word' id='word_1_551' title='bbox 1931 2045 2018 2072; x_wconf 89' lang='lat' dir='ltr'>eam</span> <span class='ocrx_word' id='word_1_552' title='bbox 2048 2033 2150 2081; x_wconf 88' lang='lat' dir='ltr'>nolo,</span> 
     </span>
     <span class='ocr_line' id='line_1_94' title="bbox 1194 2085 2144 2137; baseline 0.002 -15"><span class='ocrx_word' id='word_1_553' title='bbox 1194 2085 1271 2124; x_wconf 82' lang='lat' dir='ltr'>iarn</span> <span class='ocrx_word' id='word_1_554' title='bbox 1303 2098 1326 2123; x_wconf 92' lang='lat' dir='ltr'>a</span> <span class='ocrx_word' id='word_1_555' title='bbox 1347 2097 1407 2124; x_wconf 90' lang='lat' dir='ltr'>me</span> <span class='ocrx_word' id='word_1_556' title='bbox 1429 2087 1632 2135; x_wconf 87' lang='lat' dir='ltr'>provisum</span> <span class='ocrx_word' id='word_1_557' title='bbox 1663 2099 1746 2126; x_wconf 89' lang='lat' dir='ltr'>esse</span> <span class='ocrx_word' id='word_1_558' title='bbox 1760 2116 1770 2134; x_wconf 89' lang='lat'>,</span> <span class='ocrx_word' id='word_1_559' title='bbox 1791 2089 1834 2125; x_wconf 93' lang='lat' dir='ltr'>ut</span> <span class='ocrx_word' id='word_1_560' title='bbox 1853 2088 2024 2125; x_wconf 90' lang='lat' dir='ltr'>edietum</span> <span class='ocrx_word' id='word_1_561' title='bbox 2038 2117 2047 2135; x_wconf 93' lang='lat'>‚</span> <span class='ocrx_word' id='word_1_562' title='bbox 2068 2099 2144 2137; x_wconf 92' lang='lat' dir='ltr'>quo</span> 
     </span>
     <span class='ocr_line' id='line_1_95' title="bbox 1197 2140 2147 2179; baseline 0.003 -3"><span class='ocrx_word' id='word_1_563' title='bbox 1197 2140 1480 2178; x_wconf 86' lang='lat' dir='ltr'>Parisiensium</span> <span class='ocrx_word' id='word_1_564' title='bbox 1494 2141 1738 2179; x_wconf 87' lang='lat' dir='ltr'>comitiorum</span> <span class='ocrx_word' id='word_1_565' title='bbox 1752 2141 1965 2179; x_wconf 85' lang='lat' dir='ltr'>declaratio</span> <span class='ocrx_word' id='word_1_566' title='bbox 1978 2153 2036 2179; x_wconf 86' lang='lat' dir='ltr'>an.</span> <span class='ocrx_word' id='word_1_567' title='bbox 2046 2141 2147 2179; x_wconf 83' lang='lat'>1682</span> 
     </span>
     <span class='ocr_line' id='line_1_96' title="bbox 1194 2193 2143 2244; baseline 0.003 -14"><span class='ocrx_word' id='word_1_568' title='bbox 1194 2193 1254 2230; x_wconf 90' lang='lat' dir='ltr'>die</span> <span class='ocrx_word' id='word_1_569' title='bbox 1273 2193 1298 2230; x_wconf 77' lang='lat'>2</span> <span class='ocrx_word' id='word_1_570' title='bbox 1318 2195 1449 2231; x_wconf 86' lang='lat' dir='ltr'>martii</span> <span class='ocrx_word' id='word_1_571' title='bbox 1469 2207 1504 2232; x_wconf 91' lang='lat' dir='ltr'>m</span> <span class='ocrx_word' id='word_1_572' title='bbox 1514 2194 1624 2232; x_wconf 90' lang='lat' dir='ltr'>unita</span> <span class='ocrx_word' id='word_1_573' title='bbox 1644 2194 1788 2242; x_wconf 87' lang='lat' dir='ltr'>fuerat,</span> <span class='ocrx_word' id='word_1_574' title='bbox 1809 2196 1986 2244; x_wconf 89' lang='lat' dir='ltr'>quodque</span> <span class='ocrx_word' id='word_1_575' title='bbox 2009 2207 2143 2233; x_wconf 89' lang='lat' dir='ltr'>eorum</span> 
     </span>
     <span class='ocr_line' id='line_1_97' title="bbox 1192 2248 2144 2298; baseline 0.003 -14"><span class='ocrx_word' id='word_1_576' title='bbox 1192 2248 1411 2296; x_wconf 87' lang='lat' dir='ltr'>temporum</span> <span class='ocrx_word' id='word_1_577' title='bbox 1425 2249 1594 2285; x_wconf 87' lang='lat' dir='ltr'>conditio</span> <span class='ocrx_word' id='word_1_578' title='bbox 1611 2261 1634 2286; x_wconf 87' lang='lat' dir='ltr'>a</span> <span class='ocrx_word' id='word_1_579' title='bbox 1647 2261 1708 2287; x_wconf 90' lang='lat' dir='ltr'>me</span> <span class='ocrx_word' id='word_1_580' title='bbox 1725 2252 1987 2298; x_wconf 81' lang='lat' dir='ltr'>expresserat,</span> <span class='ocrx_word' id='word_1_581' title='bbox 2004 2248 2144 2287; x_wconf 86' lang='lat' dir='ltr'>effectu</span> 
     </span>
     <span class='ocr_line' id='line_1_98' title="bbox 1192 2301 2145 2353; baseline 0.004 -16"><span class='ocrx_word' id='word_1_582' title='bbox 1192 2301 1372 2350; x_wconf 87' lang='lat' dir='ltr'>deinceps</span> <span class='ocrx_word' id='word_1_583' title='bbox 1393 2304 1525 2340; x_wconf 85' lang='lat' dir='ltr'>eareat</span> <span class='ocrx_word' id='word_1_584' title='bbox 1547 2314 1856 2353; x_wconf 85' lang='lat' dir='ltr'>suspensumque</span> <span class='ocrx_word' id='word_1_585' title='bbox 1887 2305 2093 2342; x_wconf 88' lang='lat' dir='ltr'>censeatur</span> <span class='ocrx_word' id='word_1_586' title='bbox 2109 2313 2145 2342; x_wconf 86' lang='lat'>&gt;›.</span> 
     </span>
     <span class='ocr_line' id='line_1_99' title="bbox 1192 2354 2147 2407; baseline 0.005 -16"><span class='ocrx_word' id='word_1_587' title='bbox 1192 2354 1277 2396; x_wconf 87' lang='lat' dir='ltr'>Quo</span> <span class='ocrx_word' id='word_1_588' title='bbox 1297 2355 1412 2401; x_wconf 82' lang='lat' dir='ltr'>facto,</span> <span class='ocrx_word' id='word_1_589' title='bbox 1431 2356 1618 2394; x_wconf 87' lang='lat' dir='ltr'>nominati</span> <span class='ocrx_word' id='word_1_590' title='bbox 1640 2357 1806 2407; x_wconf 89' lang='lat' dir='ltr'>episcopi</span> <span class='ocrx_word' id='word_1_591' title='bbox 1831 2358 1959 2396; x_wconf 89' lang='lat' dir='ltr'>bullas</span> <span class='ocrx_word' id='word_1_592' title='bbox 1992 2357 2147 2396; x_wconf 89' lang='lat' dir='ltr'>institu-</span> 
     </span>
     <span class='ocr_line' id='line_1_100' title="bbox 1193 2408 2147 2460; baseline 0.004 -15"><span class='ocrx_word' id='word_1_593' title='bbox 1193 2408 1308 2446; x_wconf 88' lang='lat' dir='ltr'>tionis</span> <span class='ocrx_word' id='word_1_594' title='bbox 1335 2421 1357 2446; x_wconf 87' lang='lat' dir='ltr'>a</span> <span class='ocrx_word' id='word_1_595' title='bbox 1379 2409 1568 2447; x_wconf 88' lang='lat' dir='ltr'>Pontifice</span> <span class='ocrx_word' id='word_1_596' title='bbox 1588 2413 1848 2460; x_wconf 85' lang='lat' dir='ltr'>acceperunt,</span> <span class='ocrx_word' id='word_1_597' title='bbox 1875 2413 1915 2450; x_wconf 88' lang='lat' dir='ltr'>et</span> <span class='ocrx_word' id='word_1_598' title='bbox 1940 2411 2147 2450; x_wconf 87' lang='lat' dir='ltr'>concordia</span> 
     </span>
     <span class='ocr_line' id='line_1_101' title="bbox 1192 2462 2145 2516; baseline 0.005 -18"><span class='ocrx_word' id='word_1_599' title='bbox 1192 2462 1294 2499; x_wconf 89' lang='lat' dir='ltr'>inter</span> <span class='ocrx_word' id='word_1_600' title='bbox 1313 2463 1577 2512; x_wconf 87' lang='lat' dir='ltr'>Apostolicam</span> <span class='ocrx_word' id='word_1_601' title='bbox 1600 2465 1740 2503; x_wconf 84' lang='lat' dir='ltr'>Scdcm</span> <span class='ocrx_word' id='word_1_602' title='bbox 1761 2477 2004 2516; x_wconf 88' lang='lat' dir='ltr'>regnumque</span> <span class='ocrx_word' id='word_1_603' title='bbox 2025 2465 2145 2503; x_wconf 80' lang='lat' dir='ltr'>Galli-</span> 
     </span>
     <span class='ocr_line' id='line_1_102' title="bbox 1193 2518 2145 2558; baseline 0.005 -6"><span class='ocrx_word' id='word_1_604' title='bbox 1193 2528 1332 2554; x_wconf 91' lang='lat' dir='ltr'>canum</span> <span class='ocrx_word' id='word_1_605' title='bbox 1372 2518 1554 2556; x_wconf 85' lang='lat' dir='ltr'>restituta</span> <span class='ocrx_word' id='word_1_606' title='bbox 1574 2518 1648 2557; x_wconf 85' lang='lat' dir='ltr'>fuit</span> <span class='ocrx_word' id='word_1_607' title='bbox 1670 2518 1696 2557; x_wconf 86' lang='lat'>¹.</span> <span class='ocrx_word' id='word_1_608' title='bbox 1726 2519 1803 2557; x_wconf 87' lang='lat' dir='ltr'>Sed</span> <span class='ocrx_word' id='word_1_609' title='bbox 1834 2519 1882 2558; x_wconf 90' lang='lat' dir='ltr'>ad</span> <span class='ocrx_word' id='word_1_610' title='bbox 1916 2519 2145 2558; x_wconf 86' lang='lat' dir='ltr'>historicum</span> 
     </span>
     <span class='ocr_line' id='line_1_103' title="bbox 1194 2569 2143 2624; baseline 0.006 -18"><span class='ocrx_word' id='word_1_611' title='bbox 1194 2569 1362 2608; x_wconf 88' lang='lat' dir='ltr'>aliarum</span> <span class='ocrx_word' id='word_1_612' title='bbox 1398 2583 1530 2610; x_wconf 86' lang='lat' dir='ltr'>rerum</span> <span class='ocrx_word' id='word_1_613' title='bbox 1562 2575 1769 2623; x_wconf 85' lang='lat' dir='ltr'>gestarum</span> <span class='ocrx_word' id='word_1_614' title='bbox 1799 2573 1975 2612; x_wconf 88' lang='lat' dir='ltr'>ordinem</span> <span class='ocrx_word' id='word_1_615' title='bbox 2007 2585 2143 2624; x_wconf 84' lang='lat' dir='ltr'>regre-</span> 
     </span>
     <span class='ocr_line' id='line_1_104' title="bbox 1195 2624 1363 2663; baseline 0.018 -3"><span class='ocrx_word' id='word_1_616' title='bbox 1195 2624 1363 2663; x_wconf 86' lang='lat' dir='ltr'>diamur.</span> 
     </span>
    </p>

    <p class='ocr_par' dir='ltr' id='par_1_9' title="bbox 1196 2678 2142 3109">
     <span class='ocr_line' id='line_1_105' title="bbox 1246 2678 2141 2732; baseline 0.004 -17"><span class='ocrx_word' id='word_1_617' title='bbox 1246 2678 1308 2716; x_wconf 71' lang='lat'>234.</span> <span class='ocrx_word' id='word_1_618' title='bbox 1327 2679 1599 2718; x_wconf 70' lang='lat' dir='ltr'>Innocentius</span> <span class='ocrx_word' id='word_1_619' title='bbox 1612 2681 1679 2719; x_wconf 84' lang='lat' dir='ltr'>XI</span> <span class='ocrx_word' id='word_1_620' title='bbox 1700 2682 1901 2731; x_wconf 73' lang='lat' dir='ltr'>Pontz’fem</span> <span class='ocrx_word' id='word_1_621' title='bbox 1920 2680 2006 2732; x_wconf 80' lang='lat' dir='ltr'>(an.</span> <span class='ocrx_word' id='word_1_622' title='bbox 2023 2679 2141 2732; x_wconf 85' lang='lat'>1676)</span> 
     </span>
     <span class='ocr_line' id='line_1_106' title="bbox 1197 2732 2142 2785; baseline 0.006 -17"><span class='ocrx_word' id='word_1_623' title='bbox 1197 2732 1343 2769; x_wconf 81' lang='lat' dir='ltr'>—l’ost</span> <span class='ocrx_word' id='word_1_624' title='bbox 1356 2733 1595 2772; x_wconf 85' lang='lat' dir='ltr'>Clementem</span> <span class='ocrx_word' id='word_1_625' title='bbox 1610 2736 1735 2785; x_wconf 87' lang='lat' dir='ltr'>Pp.X,</span> <span class='ocrx_word' id='word_1_626' title='bbox 1746 2734 1809 2773; x_wconf 75' lang='lat' dir='ltr'>xi⁰</span> <span class='ocrx_word' id='word_1_627' title='bbox 1821 2735 2142 2779; x_wconf 84' lang='lat' dir='ltr'>calend.octobris</span> 
     </span>
     <span class='ocr_line' id='line_1_107' title="bbox 1197 2786 2140 2839; baseline 0.005 -17"><span class='ocrx_word' id='word_1_628' title='bbox 1197 2796 1256 2822; x_wconf 89' lang='lat' dir='ltr'>an.</span> <span class='ocrx_word' id='word_1_629' title='bbox 1286 2786 1386 2823; x_wconf 74' lang='lat'>1676</span> <span class='ocrx_word' id='word_1_630' title='bbox 1404 2787 1597 2826; x_wconf 81' lang='lat' dir='ltr'>Ecclesiae</span> <span class='ocrx_word' id='word_1_631' title='bbox 1619 2790 1814 2839; x_wconf 84' lang='lat' dir='ltr'>regimen,</span> <span class='ocrx_word' id='word_1_632' title='bbox 1837 2789 2140 2839; x_wconf 84' lang='lat' dir='ltr'>approbantibus</span> 
     </span>
     <span class='ocr_line' id='line_1_108' title="bbox 1196 2840 2142 2890; baseline 0.008 -17"><span class='ocrx_word' id='word_1_633' title='bbox 1196 2840 1356 2887; x_wconf 76' lang='lat' dir='ltr'>cunetis,</span> <span class='ocrx_word' id='word_1_634' title='bbox 1374 2841 1652 2881; x_wconf 85' lang='lat' dir='ltr'>demandatum</span> <span class='ocrx_word' id='word_1_635' title='bbox 1669 2845 1728 2881; x_wconf 90' lang='lat' dir='ltr'>est</span> <span class='ocrx_word' id='word_1_636' title='bbox 1741 2843 1962 2881; x_wconf 87' lang='lat' dir='ltr'>Innocentio</span> <span class='ocrx_word' id='word_1_637' title='bbox 1973 2843 2047 2890; x_wconf 90' lang='lat' dir='ltr'>XI,</span> <span class='ocrx_word' id='word_1_638' title='bbox 2068 2854 2142 2881; x_wconf 84' lang='lat' dir='ltr'>an-</span> 
     </span>
     <span class='ocr_line' id='line_1_109' title="bbox 1198 2894 2142 2946; baseline 0.008 -19"><span class='ocrx_word' id='word_1_639' title='bbox 1198 2897 1261 2929; x_wconf 82' lang='lat' dir='ltr'>tea</span> <span class='ocrx_word' id='word_1_640' title='bbox 1282 2894 1741 2942; x_wconf 62' lang='lat' dir='ltr'>llenedictoOdcscalchi,</span> <span class='ocrx_word' id='word_1_641' title='bbox 1759 2897 1887 2946; x_wconf 86' lang='lat' dir='ltr'>patria</span> <span class='ocrx_word' id='word_1_642' title='bbox 1904 2896 2081 2935; x_wconf 87' lang='lat' dir='ltr'>Comensi</span> <span class='ocrx_word' id='word_1_643' title='bbox 2103 2898 2142 2935; x_wconf 87' lang='lat' dir='ltr'>et</span> 
     </span>
     <span class='ocr_line' id='line_1_110' title="bbox 1198 2946 2142 3000; baseline 0.006 -18"><span class='ocrx_word' id='word_1_644' title='bbox 1198 2946 1243 2983; x_wconf 80' lang='lat' dir='ltr'>R.</span> <span class='ocrx_word' id='word_1_645' title='bbox 1267 2947 1308 2985; x_wconf 75' lang='grc' dir='ltr'>κ).</span> <span class='ocrx_word' id='word_1_646' title='bbox 1327 2949 1528 2987; x_wconf 83' lang='lat' dir='ltr'>cardinali.</span> <span class='ocrx_word' id='word_1_647' title='bbox 1547 2951 1582 2988; x_wconf 87' lang='lat' dir='ltr'>Is</span> <span class='ocrx_word' id='word_1_648' title='bbox 1606 2951 1709 2989; x_wconf 86' lang='lat' dir='ltr'>vitae</span> <span class='ocrx_word' id='word_1_649' title='bbox 1726 2951 1968 2999; x_wconf 84' lang='lat' dir='ltr'>integritate,</span> <span class='ocrx_word' id='word_1_650' title='bbox 1984 2951 2142 3000; x_wconf 86' lang='lat' dir='ltr'>pietate,</span> 
     </span>
     <span class='ocr_line' id='line_1_111' title="bbox 1196 3000 2140 3053; baseline 0.008 -18"><span class='ocrx_word' id='word_1_651' title='bbox 1196 3000 1392 3049; x_wconf 87' lang='lat' dir='ltr'>animique</span> <span class='ocrx_word' id='word_1_652' title='bbox 1422 3005 1642 3042; x_wconf 74' lang='lat' dir='ltr'>constantia</span> <span class='ocrx_word' id='word_1_653' title='bbox 1677 3005 1715 3042; x_wconf 89' lang='lat' dir='ltr'>in</span> <span class='ocrx_word' id='word_1_654' title='bbox 1746 3004 1965 3043; x_wconf 81' lang='lat' dir='ltr'>difficilibus</span> <span class='ocrx_word' id='word_1_655' title='bbox 2001 3006 2041 3042; x_wconf 86' lang='lat' dir='ltr'>et</span> <span class='ocrx_word' id='word_1_656' title='bbox 2070 3016 2140 3053; x_wconf 86' lang='lat' dir='ltr'>pe-</span> 
     </span>
     <span class='ocr_line' id='line_1_112' title="bbox 1198 3053 2140 3109; baseline 0.007 -21"><span class='ocrx_word' id='word_1_657' title='bbox 1198 3053 1375 3094; x_wconf 82' lang='lat' dir='ltr'>riculosis</span> <span class='ocrx_word' id='word_1_658' title='bbox 1398 3058 1631 3108; x_wconf 84' lang='lat' dir='ltr'>reipublicae</span> <span class='ocrx_word' id='word_1_659' title='bbox 1647 3059 1883 3097; x_wconf 86' lang='lat' dir='ltr'>christianae</span> <span class='ocrx_word' id='word_1_660' title='bbox 1901 3057 2140 3109; x_wconf 83' lang='lat' dir='ltr'>temporibus</span> 
     </span>
    </p>
   </div>
   <div class='ocr_carea' id='block_1_6' title="bbox 1235 3229 1347 3263">
    <p class='ocr_par' dir='ltr' id='par_1_10' title="bbox 1235 3229 1347 3263">
     <span class='ocr_line' id='line_1_113' title="bbox 1235 3229 1347 3263; baseline 0.018 -2"><span class='ocrx_word' id='word_1_661' title='bbox 1235 3229 1243 3250; x_wconf 92' lang='lat'>¹</span> <span class='ocrx_word' id='word_1_662' title='bbox 1269 3230 1347 3263; x_wconf 77' lang='lat' dir='ltr'>Ibid.</span> 
     </span>
    </p>
   </div>
  </div>
 </body>
</html>
