2241 3473
762 159 889 190 VSQVE
917 159 970 186 AD
999 158 1190 187 AETATEM
1218 159 1362 187 CAROLI
1390 161 1430 188 M.

137 226 255 264 nister
282 228 323 264 et
351 225 527 262 Damasci
559 224 775 274 praefectus
811 223 895 261 fuit.
929 221 1076 260 Deinde

134 279 308 317 omnibus
341 279 519 316 nuntium
550 277 750 316 remittens
772 308 782 323 ,
817 276 1069 314 monasticum

135 332 355 370 institutum
386 331 425 368 in
456 333 586 369 Laura
607 344 635 368 s.
656 332 782 369 Sabae
812 330 1005 377 professus
1033 331 1072 365 ct

134 384 409 434 presbyteratu
431 385 606 422 initiatus
626 388 695 422 cst.
718 383 792 422 Ubi
812 382 1070 420 iconoclasta-

135 449 218 475 rum
227 437 396 475 haeresis
416 440 500 476 orta
515 441 586 484 est,
598 449 682 475 cam
698 436 799 474 omni
816 436 1022 481 rationum,
1033 438 1069 472 ct

133 495 449 539 argumentorum
478 491 514 528 vi
534 491 571 528 in
592 489 833 528 sermonibus
858 491 898 525 et
922 489 1071 537 scriptis

133 544 395 593 oppugnavit3
421 545 520 582 unde
540 544 587 581 ab
609 541 813 581 haereticis
832 541 1070 590 imperatori-

134 596 224 642 bus,
244 598 372 634 Leone
391 602 430 635 et
449 596 720 640 Constantino,
749 594 902 643 saepius
929 594 968 631 in
989 594 1070 631 exi-

133 649 225 686 lium
255 651 453 699 relegatus
479 654 518 688 et
538 650 575 686 in
596 647 751 686 vincula
780 647 974 684 coniectus
1003 650 1069 684 cst.

134 703 472 741 Monothelitarum
503 703 620 739 etiam
649 705 689 738 et
718 702 962 738 caeterarum
991 699 1072 737 fere

134 756 304 793 omnium
319 756 598 794 haereticarum
616 756 808 792 sectarum
824 764 973 790 errores
989 764 1071 789 con-

134 807 298 854 futavit,
317 809 504 858 pluraque
522 809 666 857 scripta
689 806 862 855 reliquit,
889 818 910 843 e
937 806 1073 855 quibus

132 866 371 911 compertum
391 866 462 907 est,
481 873 568 898 eum
588 861 704 898 fuisse
724 859 875 908 ingenio
895 858 1073 897 acutissi-

133 926 195 952 mo
214 927 259 952 ac
278 915 430 964 copiosa
450 915 664 952 eruditione
683 913 911 962 praeditum,
936 912 974 949 in
994 912 1074 950 dis-

131 968 293 1005 serendo
312 979 498 1017 perquam
517 967 699 1005 subtilem
715 969 754 1004 et
773 966 812 1002 in
833 965 1075 1004 defendenda

131 1020 226 1058 Fide
254 1021 420 1058 maxime
439 1025 639 1058 strenuum
661 1018 684 1058 ¹.

183 1074 244 1112 58.
266 1074 472 1112 Ecclesiae
491 1078 621 1110 status
643 1074 687 1110 in
711 1072 959 1110 Gallia—In
981 1072 1073 1110 Gal-

132 1127 192 1165 liis
220 1127 399 1165 defuncto
419 1139 480 1164 an.
501 1127 577 1163 714
598 1126 735 1174 Pipino
761 1125 992 1171 HeristaHO,
1013 1137 1074 1163 res

131 1180 414 1218 ecclesiastieae
431 1192 474 1217 ae
490 1179 635 1217 civicae
650 1179 688 1215 in
705 1179 852 1228 grande
869 1178 1071 1216 discrimen

132 1234 337 1284 perductae
347 1236 448 1270 sunt.
462 1232 569 1270 Bella
581 1232 712 1270 civilia
726 1232 829 1269 inter
843 1232 945 1280 ipsos
957 1232 1074 1269 Fran-

132 1298 209 1333 cos,
228 1286 448 1324 Austrasios
467 1288 507 1323 et
529 1285 565 1323 N
569 1285 796 1331 eustrasies,
812 1289 948 1323 exorta
967 1289 1071 1323 sunt.

131 1338 349 1384 Alemanni,
369 1339 530 1384 Bavari,
550 1339 664 1376 Frisii
681 1342 722 1376 et
736 1339 909 1376 Saxones
930 1339 1072 1376 adver-

131 1404 197 1430 sus
224 1393 396 1430 Francos
421 1404 532 1429 arma
553 1395 765 1430 verterunt.
793 1392 977 1429 Saraceni
1004 1405 1070 1429 seu

130 1446 258 1483 Mauri
288 1445 437 1494 ingenti
459 1457 617 1483 numere
646 1457 694 1483 ex
715 1445 905 1494 Hispania
925 1445 963 1482 in
984 1445 1072 1483 Gal-

130 1499 221 1537 liam
250 1498 462 1545 irruerunt,
482 1501 521 1536 et
539 1499 642 1536 omni
662 1499 860 1537 Occidenti
880 1500 1068 1536 terrorem

128 1552 352 1590 iniecerunt.
374 1554 427 1589 At
446 1552 574 1589 omnia
600 1552 695 1589 vicit
714 1552 918 1589 bellicosus
947 1552 1068 1589 Care-

126 1606 185 1643 lus
204 1605 428 1650 Martellus,
451 1605 580 1654 Pipini
600 1605 805 1643 Heristalli
835 1617 884 1642 ex
904 1605 1067 1653 Alpaide

125 1659 249 1705 filius;
265 1658 328 1707 qui
349 1659 494 1696 an.7l5
511 1659 558 1695 ab
568 1658 776 1696 Austrasiis
790 1658 1068 1705 maierdomus,

126 1724 194 1750 seu
231 1712 312 1749 dux
351 1711 585 1749 constitutus
599 1741 607 1756 ,
645 1711 892 1749 Neustrasios
921 1711 1068 1749 duobus

126 1765 281 1815 praeliis
306 1764 465 1815 (aa.7l7
478 1764 620 1813 et719)
633 1765 849 1813 superavit,
870 1766 908 1802 et
928 1777 976 1802 ex
997 1765 1068 1802 hoc

126 1823 299 1868 tempore
324 1829 443 1866 usque
462 1818 510 1855 ad
535 1830 680 1855 annum
700 1818 774 1854 741
801 1817 919 1855 tot-ius
939 1818 1067 1856 Fran-

128 1872 209 1909 ciae
225 1871 486 1908 maiordomus
503 1883 569 1908 seu
586 1871 712 1920 potius
731 1882 933 1919 supremus
955 1872 1070 1920 impe-

130 1936 220 1962 rans
239 1924 388 1970 extitit3
407 1935 497 1961 nam
508 1924 770 1961 Theodericus
781 1924 848 1969 IV,
861 1924 924 1972 qui
942 1925 989 1961 ab
1006 1937 1068 1962 an-

130 1990 177 2015 ne
209 1977 286 2015 720
320 1989 441 2026 usque
475 1978 523 2014 ad
553 1978 628 2015 737
668 1977 908 2014 Francorum
946 1989 1066 2026 regno

127 2030 308 2081 praefuit,
326 2031 408 2068 solo
429 2030 530 2079 regis
550 2030 664 2067 titulo
685 2031 831 2079 pot-itus
851 2033 919 2067 est.
941 2031 1064 2068 Care-

129 2086 189 2121 lus
209 2083 414 2122 Martellus
436 2083 519 2132 pari
539 2083 686 2121 virtute
707 2087 747 2121 et
761 2083 950 2121 felicitate
970 2096 1065 2121 con-

129 2140 191 2175 tra
210 2137 462 2183 Alemannos,
485 2137 680 2183 Bavares,
710 2136 855 2174 Frisios
881 2141 920 2174 et
939 2137 1065 2174 Saxo·
1086 2145 1088 2181 ξ

131 2202 197 2228 nes
222 2189 322 2227 bella
341 2190 472 2238 gessit.
495 2190 668 2227 Maxima
697 2202 787 2227 vere
815 2189 986 2228 bellicosi
1006 2191 1064 2228 sui

131 2243 247 2280 animi
284 2245 516 2291 argumenta
554 2243 732 2292 praebuit
766 2244 803 2280 in
835 2243 1066 2292 repellendis

130 2296 278 2334 Mauris
296 2308 363 2334 seu
384 2296 600 2333 Saracenis.

181 2351 292 2387 Anno
312 2349 386 2386 721
407 2349 605 2395 Saraceni,
623 2349 717 2386 duce
729 2350 920 2396 Zama,ex
933 2349 1067 2399 Hispa-

130 2402 195 2439 nia
218 2402 255 2438 in
275 2401 566 2440 Narbonensem
596 2403 838 2452 provinciam
857 2403 1065 2450 irruerant,

130 2459 169 2492 ct
187 2456 299 2503 capta
316 2454 503 2492 Narbona
523 2457 626 2493 cives
645 2455 774 2504 gladie
804 2458 1064 2505 peremerant,

131 2507 274 2545 Deinde
289 2507 468 2545 Tolosam
483 2508 723 2554 obsederant,
740 2508 807 2546 scd
827 2509 905 2546 illic
925 2510 972 2546 ab
993 2509 1065 2546 Eu-

131 2562 228 2598 done
252 2560 484 2609 Aquitaniae
513 2562 611 2599 duce
638 2562 832 2611 profligati
860 2565 963 2600 sunt.
991 2565 1063 2600 An.

129 2614 207 2652 725
227 2625 382 2652 rursum
401 2613 439 2650 in
461 2614 625 2652 Galliam
641 2614 846 2660 irruentes,
863 2616 959 2653 duce
975 2616 1065 2652 Am-

131 2668 223 2713 biza,
238 2667 529 2713 Carcassonam,
549 2668 789 2705 Nemausum
812 2669 986 2717 aliasque
1006 2668 1060 2706 ci·-

131 2722 272 2757 vitates
291 2722 495 2768 ceperunt,
515 2722 556 2756 at
575 2721 716 2757 iterum
738 2722 786 2758 ab
802 2721 958 2758 Eudone
981 2722 1063 2758 vic-

131 2774 160 2810 ti
184 2776 286 2811 sunt.
316 2773 409 2809 Post
429 2784 548 2809 annes
568 2784 710 2821 paucos
732 2774 1063 2812 Abdel-Rhaman

128 2838 194 2864 seu
206 2826 399 2864 Abderam
414 2825 624 2863 exercitum
641 2826 920 2864 Saracenorum
936 2828 1063 2876 cepio-

131 2879 323 2917 sissimum
335 2879 372 2916 in
383 2878 549 2915 Galliam
561 2878 682 2915 duxit.
691 2880 774 2916 Hac
785 2880 866 2917 vice
878 2880 1063 2918 Saraceni

133 2932 271 2981 ubique
286 2932 486 2970 Eudonem
507 2933 546 2968 et
561 2931 776 2980 Aquitanos
792 2932 984 2980 vicerunt,
1005 2946 1063 2971 ur-

132 2986 198 3023 bes
223 2985 406 3035 plurimas
430 2988 611 3032 ceperunt
639 2988 756 3032 atque
789 2986 1063 3032 devastarunt,

130 3038 310 3077 ecclesias
324 3041 364 3076 et
379 3038 615 3075 monasteria
631 3037 898 3084 incenderunt,
910 3039 1063 3088 aliaque

173 3167 182 3187 ¹
199 3168 235 3199 Cs
248 3167 395 3205 Belland„
412 3168 490 3212 Acce
501 3165 566 3212 δε.
582 3165 600 3194 ss
617 3167 684 3196 mai.
702 3166 801 3205 Opera
818 3167 883 3197 eius
899 3168 981 3198 edita
997 3172 1067 3199 sunt
1083 3168 1087 3212 ξ

133 3209 224 3239 raris.
249 3208 335 3247 1712,
358 3209 376 3238 2
400 3208 456 3239 vel.
481 3208 592 3246 ιιι-101,
615 3211 644 3238 ct
669 3208 771 3239 Vcnct.
794 3206 878 3237 1748.
1084 3213 1087 3250 3

1927 149 2001 188 195

1113 223 1305 261 horrenda
1338 227 1626 273 perpetrarunt.
1647 224 1806 262 Carolus
1836 223 2052 269 Martellus,

1113 276 1256 313 coactis
1286 277 1451 326 undique
1481 278 1620 327 copiis,
1649 279 1838 316 adversus
1857 277 2051 315 Abderam

1115 341 1337 378 progressus
1370 333 1439 368 est.
1470 333 1540 369 An.
1571 332 1648 369 732
1675 330 1907 369 acerrimum
1935 342 2052 379 prae-

1112 382 1205 419 lium
1227 383 1472 421 commissum
1492 385 1612 422 estad
1630 385 1824 430 Pictavos,
1840 383 1879 421 in
1895 395 1968 432 quo
1980 383 2054 420 Ab·

1113 436 1244 472 deram
1274 436 1354 484 ipse
1374 449 1462 473 cum
1492 437 1666 486 plurimis
1695 438 1920 475 Maurorum
1943 435 2056 473 milli-

1114 489 1183 525 bus
1211 488 1336 536 periit.
1354 489 1514 527 Carolus
1544 490 1699 539 reliquis
1727 490 1764 528 in
1792 490 1922 540 fugam
1945 488 2052 535 actis,

1114 552 1248 578 omnes
1268 541 1394 587 urbes,
1410 554 1504 590 quas
1526 543 1579 580 illi
1596 543 1632 580 in
1650 543 1786 581 Galliis
1802 545 2053 591 occuparant,

1114 593 1269 641 recepit.
1295 594 1402 631 Alias
1429 595 1555 633 adhuc
1575 596 1810 645 irruptiones
1825 596 1863 633 in
1884 595 2051 633 Galliam

1115 649 1317 684 tentarunt
1348 647 1552 693 Saraceni,
1586 649 1652 686 sed
1682 649 1729 686 ab
1758 649 1889 687 eodem
1915 647 2053 686 Carolo

1114 699 1247 737 reiecti
1269 699 1438 738 fuerunt.

1166 752 1236 789 His
1255 755 1338 789 tum
1357 753 1522 791 internis
1544 757 1623 791 tum
1652 755 1825 792 externis
1854 754 1941 792 belli
1968 753 2053 791 fac-

1114 807 1198 842 tum
1218 806 1293 851 est,
1314 807 1356 842 ut
1376 805 1580 854 disciplina
1607 807 1871 845 ecclesiastica
1896 807 1934 845 in
1955 807 2052 844 Gal-

1116 858 1167 896 lia
1187 860 1226 895 et
1245 858 1456 896 Germania
1476 859 1637 897 Francis
1663 860 1817 898 subdita
1841 860 2054 910 deperiret,

1117 923 1320 960 moresque
1331 915 1683 961 corrumperentur.
1696 913 1838 950 Nullae
1850 913 1985 962 synodi
1997 925 2055 950 co-

1117 965 1319 1014 gebantur;
1339 965 1504 1014 episcopi
1524 966 1649 1012 multi,
1665 979 1713 1003 ex
1727 978 1802 1014 que
1813 968 1983 1015 tempere
1995 978 2053 1003 co-

1117 1018 1320 1056 mitatibus
1341 1021 1380 1055 et
1394 1018 1677 1068 principatibus
1697 1019 1798 1056 aucti
1819 1031 1955 1068 regum
1977 1019 2055 1057 feu-

1117 1071 1258 1109 datarii
1298 1074 1528 1118 evaserunt,
1565 1072 1713 1110 bellicis
1748 1072 2054 1120 expeditionibus

1118 1125 1242 1174 magis
1261 1136 1375 1173 quam
1395 1125 1647 1163 ecclesiarum
1666 1124 1845 1175 regimini
1866 1127 1980 1163 erant
1997 1125 2054 1162 in-

1115 1178 1234 1224 tenti;
1261 1177 1468 1226 dignitates
1496 1178 1782 1217 ecclesiasticae
1810 1179 1858 1216 ab
1886 1178 2054 1227 indignis

1115 1231 1428 1280 occupabantur3
1449 1232 1692 1282 episcopatus
1711 1233 1750 1269 et
1777 1232 1958 1269 abbatiae
1986 1243 2052 1269 seu

1115 1296 1248 1322 eorum
1274 1284 1508 1332 oblationes,
1527 1286 1698 1323 decimae
1718 1287 1757 1323 et
1784 1285 1849 1322 alii
1878 1284 2054 1322 redditus

1114 1337 1222 1375 laicis
1244 1338 1558 1386 conferebantur3
1579 1340 1617 1376 in
1638 1336 1740 1376 'clere
1763 1338 1867 1375 vitae
1888 1337 2053 1386 integri-

1113 1394 1185 1437 tas,
1207 1391 1246 1428 in
1268 1391 1532 1439 monasteriis,
1551 1392 1709 1442 pietatis
1738 1390 1871 1429 fervor
1899 1390 2051 1429 deside-

1116 1445 1307 1482 rabantur
1329 1444 1352 1482 ¹.

1165 1498 1227 1536 59.
1252 1496 1290 1534 S.
1311 1499 1560 1547 Benifacius
1579 1498 2052 1548 archiepiscopus—In-

1113 1554 1223 1590 terea
1242 1563 1270 1589 s.
1289 1552 1511 1590 Benifacius
1530 1552 1567 1589 in
1589 1551 1809 1598 Germania,
1827 1551 2055 1600 praesertim

1112 1606 1150 1642 in
1171 1605 1310 1644 Hassia
1331 1608 1370 1643 et
1389 1605 1616 1653 Thuringia,
1638 1605 1880 1653 extirpandis
1898 1603 2056 1653 pagani-

1111 1659 1183 1696 smi
1205 1659 1389 1709 reliquiis,
1406 1658 1677 1696 convertendis
1693 1657 1924 1703 infidelibus,
1940 1656 2056 1694 corri-

1112 1712 1249 1761 gendis
1268 1712 1439 1751 fidelium
1459 1711 1632 1749 moribus
1648 1713 1687 1749 et
1701 1710 1969 1749 restituendae
1984 1709 2054 1747 ele-

1112 1765 1143 1802 ri
1163 1766 1387 1816 disciplinae
1407 1765 1649 1814 praeclaram
1678 1776 1836 1813 operam
1864 1764 2052 1801 navabat.

1113 1819 1280 1867 Propter
1299 1823 1409 1857 tanta
1438 1819 1578 1855 merita
1598 1830 1657 1855 an.
1679 1818 1756 1855 732
1775 1830 1798 1855 a
1817 1828 1846 1855 s.
1863 1817 2053 1866 Gregorio

1112 1872 1181 1921 Pp.
1196 1873 1251 1910 III
1272 1870 1587 1920 archiepiscopali
1611 1870 1812 1920 dignitate,
1829 1882 1914 1907 cum
1936 1869 2054 1919 pallio

1111 1929 1150 1962 et
1169 1929 1383 1974 postestate
1403 1924 1648 1970 instituendi,
1674 1923 1737 1961 ubi
1766 1923 1806 1960 id
1827 1934 1982 1960 necesse
2002 1922 2055 1959 fo-

1111 1980 1184 2024 ret,
1215 1979 1422 2027 episcepos,
1452 1978 1657 2015 decoratus
1684 1976 1757 2014 fuit
1772 1976 1799 2014 ².
1828 1975 2054 2013 Benifacius

1111 2031 1262 2069 duabus
1293 2031 1465 2069 eeclesiis
1494 2042 1583 2068 cum
1621 2030 1780 2068 totidem
1810 2029 2053 2067 monasteriis

1110 2085 1399 2133 Amoenobnrgi
1429 2086 1468 2122 et
1493 2083 1719 2122 Fritzlariae
1744 2083 1782 2120 in
1812 2083 1951 2120 Hassia
1979 2094 2051 2121 ex-

1110 2138 1258 2184 tructis,
1281 2151 1342 2176 an.
1365 2138 1441 2176 734
1459 2137 1654 2186 profectus
1683 2138 1741 2174 est
1770 2136 1807 2174 in
1829 2136 2053 2180 Bavariam,

1111 2191 1172 2228 ubi
1185 2204 1388 2240 perversos
1399 2190 1596 2239 religionis
1607 2189 1803 2227 ministres
1815 2201 1860 2226 ac
1873 2200 2051 2227 errorum

1109 2245 1286 2283 dectores
1305 2245 1447 2282 deiecit
1465 2247 1504 2281 et
1521 2243 1758 2292 disciplinam
1775 2242 1956 2280 restituit.
1972 2242 2047 2279 An-

1111 2310 1156 2334 ne
1177 2299 1253 2335 738
1269 2299 1413 2335 iterum
1422 2298 1586 2335 Romam
1608 2295 1802 2345 prefectus
1817 2299 1887 2342 est,
1903 2298 1946 2333 ut
1965 2307 2048 2332 cum

1110 2351 1299 2389 Pontifice
1335 2351 1382 2388 de
1421 2349 1694 2399 componendis
1736 2349 1985 2387 ecclesiarum
2012 2348 2051 2385 in

1109 2405 1319 2442 Germania
1347 2405 1460 2442 rebus
1490 2406 1529 2440 et
1562 2402 1810 2440 reformanda
1851 2401 2054 2450 disciplina

1109 2457 1312 2495 conferret.
1327 2456 1538 2506 Gregorius
1549 2456 1603 2493 ΙΙΙ
1620 2467 1705 2493 eum
1726 2455 1870 2504 optime
1887 2454 2052 2503 excepit3

1110 2511 1219 2559 eique
1255 2511 1433 2549 redeunti
1472 2510 1511 2547 in
1551 2508 1763 2546 Germania
1800 2507 1910 2545 varia
1947 2507 2053 2545 de'dit

1109 2576 1268 2602 munera
1281 2594 1290 2610 ,
1309 2575 1439 2602 sacras
1459 2562 1657 2612 reliquias,
1678 2564 1830 2608 tresque
1856 2559 2053 2609 epistolas,

1109 2629 1225 2654 unam
1245 2618 1292 2654 ad
1314 2617 1527 2666 episcopos,
1553 2615 1799 2664 presbyteros
1827 2616 1865 2650 et
1893 2613 2052 2651 abbates

1109 2671 1395 2720 provinciarum
1422 2668 1678 2713 Germaniae,
1708 2666 1873 2703 alteram
1904 2666 1951 2703 ad
1992 2679 2051 2715 op·

1107 2724 1264 2761 timates
1294 2725 1333 2760 et
1362 2723 1565 2773 populum,
1595 2720 1750 2758 tertiam
1781 2719 1828 2755 ad
1858 2719 2053 2767 episcopos

1100 2778 1146 2817 ,in
1169 2777 1357 2822 Bavaria,
1375 2779 1414 2814 et
1435 2774 1662 2813 Alemannia
1681 2772 1934 2818 constitutos3
1959 2785 2052 2821 quos

1106 2842 1239 2868 omnes
1260 2830 1442 2867 Pontifex
1464 2829 1656 2872 hortatur,
1676 2827 1719 2862 ut
1737 2824 1936 2863 Benifacio
1952 2828 2050 2874 Apo-

1106 2883 1265 2921 stolieae
1293 2883 1402 2920 Sedis
1432 2880 1597 2926 vicario,
1619 2878 1843 2927 obsequium
1870 2880 1910 2916 et
1940 2890 2051 2927 opem

1107 2938 1309 2987 praestent
1329 2934 1359 2972 ³.

1148 3045 1156 3065 1
1174 3046 1201 3075 5
1218 3043 1402 3076 ῃοῃίΓ-«ιοίυε,
1420 3038 1517 3079 Epist.
1534 3037 1574 3069 act
1595 3037 1727 3068 Zachar.
1745 3038 1804 3070 ΡΙ).
1828 3038 1910 3077 apud
1934 3039 2049 3077 nabbe,

1109 3085 1224 3119 (leucii.
1242 3089 1260 3115 l.
1280 3084 1326 3120 VI,
1342 3093 1369 3121 p.
1388 3080 1444 3111 *149
1454 3080 1474 3118 t;
1492 3080 1682 3116 hincmarus,
1699 3080 1790 3118 Epist.
1808 3081 1852 3117 1v;
1871 3081 1955 3120 Pagi,
1975 3081 2046 3113 Cri-

1108 3128 1169 3158 !ica
1184 3127 1286 3175 udan.
1314 3125 1391 3171 71!l;
1415 3119 1690 3162 Longaevai‚11ist.
1715 3119 1752 3151 cle
1768 3120 1905 3162 l'que'se
1929 3121 2010 3154 Gall.
2027 3126 2047 3154 t.

1109 3162 1515 3246 ΝΞ’[ᾗιιζρῗαιῖιὲῗ’ῗῐωε
1540 3222 1578 3227 -
1607 3203 1620 3224 ³³
1636 3203 1708 3234 ihm.
1726 3213 1756 3243 p.
1775 3203 1917 3236 1469-722.
