2241 3473
289 71 341 115 64

189 148 384 195 sionibus,
415 147 683 197 polygamiae,
717 145 917 183 sacrificiis
955 145 1159 183 humanis'

187 202 348 250 aliisque
376 200 554 238 nefandis
584 199 822 236 facinoribus
851 198 1037 235 nuncium
1068 211 1134 236 re-

187 255 396 299 miserunt,
418 256 457 290 et
477 265 554 290 una
574 264 661 290 cum
684 252 890 301 Religione
911 253 1136 290 humanitas

187 321 231 346 ac
251 307 448 355 opulentia
468 306 572 342 inter
590 318 655 342 eos
677 305 904 342 floruerunt.

237 361 298 398 20.
311 360 382 396 Lis
397 361 439 395 z'n.
446 365 505 396 ter
514 360 552 396 F
551 359 773 396 rz'derz'cum
785 364 825 396 et
836 359 1135 408 Pontificem—

185 415 341 451 Interea
361 412 520 449 dissidia
541 413 682 461 gravia
698 412 962 449 sacerdotium
979 413 1081 449 inter
1098 414 1136 449 et

185 466 389 516 imperium
407 468 545 502 exorta
559 468 661 503 sunt.
672 465 897 503 Fridericus
911 466 1026 514 II,qui
1045 468 1136 503 ante

184 532 294 557 suam
314 519 656 567 inaugurationem
677 520 956 568 spoponderat,
974 531 1012 556 se
1029 531 1135 556 num-

183 585 300 622 quam
322 584 484 620 regnum
497 572 654 615 Siciliae
674 585 763 609 cum
786 573 949 622 imperio
970 573 1133 609 coniun-

183 631 350 672 cturum,
371 637 527 662 crucem
546 638 615 675 pro
636 626 883 675 expeditione
901 626 1132 676 Hierosoly-

181 680 330 717 mitana
349 682 591 727 susceperat,
607 679 648 718 et
668 692 770 717 anno
793 678 894 718 1220
915 680 1064 717 Romae
1085 681 1134 717 ab

182 733 352 770 Honorio
372 732 441 781 Pp.
463 733 518 770 ΙΙΙ
540 737 733 782 augustus
754 734 975 779 coronatus,
997 745 1133 770 rursus

181 798 338 823 crucem
354 799 374 824 e
387 786 673 836 manngolini
685 787 875 835 accipiens
889 787 1132 836 promiserat,

179 852 219 877 se
245 852 347 877 anno
377 840 555 888 sequenti
585 840 623 877 in
653 840 809 889 Syriam
841 840 1129 889 profecturum,

181 899 316 931 contra
331 896 446 943 pacta
462 894 592 931 iurata
608 906 771 943 regnum
781 894 938 931 Siciliae
956 893 1130 937 retinuit,

179 946 457 996 profectionem
478 958 587 985 suam
610 947 647 984 in
669 948 928 996 Syriammon
949 948 1131 985 obstanti-

180 1002 250 1038 bus
280 1000 474 1038 continuis
505 1001 706 1038 Pontificis
732 1001 1069 1046 admonitionibus,
1090 1001 1129 1038 in

180 1054 260 1092 dies
276 1054 443 1100 distulit,
458 1054 638 1092 Ioannem
663 1055 889 1092 Briennium
911 1054 1130 1104 Hierosoly-

180 1120 330 1145 morum
353 1109 620 1157 regem,cuius
641 1108 760 1145 filiam
775 1108 973 1145 Iolandam
994 1112 1080 1157 post
1097 1121 1132 1145 o-

179 1162 302 1199 bitum
325 1161 576 1200 Constantiae
595 1173 755 1199 uxorem
774 1161 899 1207 duxit,
916 1162 964 1199 ad
985 1163 1129 1199 ceden-

178 1215 270 1252 dum
296 1215 366 1253 sibi
388 1215 492 1265 regis
515 1215 862 1265 Hierosolymitani
883 1217 1068 1253 honorem
1089 1219 1129 1254 et

177 1269 263 1306 iura
291 1268 430 1318 coegit,
455 1269 514 1306 ius
535 1268 704 1318 eligendi
726 1270 926 1318 episcopos
945 1270 994 1306 ad
1014 1270 1127 1307 sedes

177 1325 362 1360 vacantes
376 1322 413 1359 in
433 1322 545 1359 Italia
564 1323 780 1371 usurpavit,
798 1324 838 1360 et
855 1323 1038 1360 canonice
1055 1323 1128 1360 ele-

177 1379 258 1413 ctos
275 1376 400 1413 eiecit.
415 1375 609 1413 Honorius
627 1376 695 1425 Pp.
715 1388 804 1413 eum
823 1376 1049 1425 frequenter
1065 1377 1127 1413 ad-

176 1430 349 1476 monuit;
369 1430 583 1478 imperator
604 1441 696 1466 vero
716 1429 945 1468 Pontificem
962 1430 1063 1468 iuste
1076 1430 1128 1467 of-

177 1484 332 1521 fensum
351 1513 360 1530 ,
398 1482 511 1520 novis
546 1482 746 1532 promissis
776 1484 932 1532 placare
961 1484 1123 1522 studuit.

177 1537 324 1574 Eadem
354 1536 544 1586 promissa
573 1536 797 1574 Fridericus
822 1536 914 1575 fecit
935 1537 1124 1586 Gregorio

175 1591 243 1639 Pp.
266 1590 321 1628 IX
342 1590 557 1639 edixitque,
580 1594 622 1627 ut
643 1591 835 1639 crucigeri
859 1591 1124 1628 Brundusium

176 1644 212 1681 in
233 1644 348 1682 Italia
367 1644 632 1682 convenirent.
652 1645 796 1693 Reipsa
812 1644 905 1682 illuc
923 1656 943 1681 e
959 1644 1125 1682 diversis

174 1697 401 1747 regionibus
426 1705 696 1735 convenerunt
717 1698 884 1747 plurima
906 1698 1124 1748 crucigero-

176 1763 261 1788 rum
286 1751 423 1798 millia,
443 1752 509 1789 sed
533 1752 768 1800 imperatore
790 1764 918 1788 moras
931 1756 1123 1798 nectente,

176 1817 318 1854 magna
338 1805 494 1842 illorum
518 1817 607 1854 pars
626 1805 890 1843 saevientibus
911 1805 1124 1852 caloribus,

176 1859 330 1904 morbis,
347 1859 424 1905 siti,
440 1859 604 1907 aliisque
621 1859 874 1897 incommodis
891 1859 1018 1908 periit.
1032 1860 1124 1896 Gre-

175 1912 308 1962 gorius
330 1913 387 1950 IX
409 1913 511 1950 liaud
535 1913 703 1961 amplius
724 1925 809 1950 cuni
833 1914 985 1962 periuro
1003 1913 1123 1962 impe·

175 1969 304 2004 ratore
325 1966 587 2003 simulandum
609 1972 733 2012 ratus,
754 1979 840 2004 eum
858 1966 919 2004 111⁰
940 1966 1123 2005 calendas

175 2017 345 2057 octobris
365 2020 463 2057 1227
481 2020 838 2058 excommunicavit
855 2022 895 2057 et
911 2032 988 2069 qua
1004 2021 1119 2058 talem

176 2074 383 2111 universae
415 2073 611 2110 Ecclesiae
645 2074 902 2111 denuntiavit.
927 2075 1037 2112 Anno
1058 2087 1122 2112 se·-

174 2135 318 2177 quente
339 2127 780 2165 excommunicationem
803 2128 839 2165 in
861 2130 1039 2165 eumdem
1063 2140 1121 2165 re-

173 2181 412 2229 dintegravit
441 2180 479 2218 in
502 2182 632 2218 Coena
653 2181 820 2227 Domini,
841 2182 1038 2230 sacrisque
1060 2182 1122 2218 in-

174 2235 338 2273 terdixit
367 2235 471 2280 loca,
503 2234 540 2270 in
563 2234 702 2282 quibus
724 2235 950 2273 Fridericus
971 2239 1119 2284 ageret.

175 2289 394 2338 Imperator
415 2288 473 2325 ira
495 2288 680 2336 percitus,
702 2288 919 2335 Romanos,
940 2300 1122 2338 praeser-

174 2343 242 2379 tim
265 2341 547 2391 Frangipanes,
568 2346 706 2378 contra
724 2342 969 2386 Pontificem,
988 2344 1049 2391 qui
1069 2355 1122 2380 se-

173 2398 288 2434 cessit
319 2395 536 2440 Perusiam,
567 2395 770 2441 excitavit,
800 2399 838 2432 ct
860 2399 900 2433 ut
920 2407 958 2432 se
979 2396 1122 2433 iniuste

174 2449 555 2487 excommunicatum
579 2449 776 2498 probaret,
798 2461 884 2486 cnm
908 2450 1038 2497 paucis
1060 2462 1120 2487 co-

175 2504 245 2551 piis
273 2504 311 2540 in
342 2502 498 2552 Syriam
529 2502 823 2548 transfretavit3
847 2503 910 2539 sed
934 2503 1012 2539 illic
1033 2515 1119 2540 cum

174 2557 348 2594 hostibus
369 2568 444 2594 non
466 2556 667 2600 dimicare,
687 2560 727 2592 et
747 2556 886 2605 pacisci
909 2556 1060 2604 coepit,
1082 2561 1121 2593 et

173 2623 232 2648 an.
272 2611 393 2656 1229,
428 2610 736 2647 reclamantibus
771 2609 860 2646 licet
888 2610 1121 2647 Christianis

176 2664 435 2709 Palaestinae,
456 2675 543 2701 cum
566 2664 720 2701 sultano
737 2663 903 2712 JEgypti
921 2663 1121 2700 indecoras

178 2717 223 2754 10
244 2730 433 2755 annorum
455 2717 629 2754 inducias
656 2716 811 2765 pepigit.
832 2717 991 2754 Interim
1018 2717 1120 2765 Ray-

175 2771 310 2809 naldus
343 2775 381 2808 et
412 2770 659 2816 ssertlioldus,
679 2771 787 2808 ducis
806 2770 1004 2820 Spoletani
1026 2770 1119 2815 filii,

173 2825 311 2873 quibus
340 2825 554 2873 imperator
590 2825 693 2862 vices
727 2836 816 2861 suas
846 2825 883 2861 in
915 2824 1028 2862 Italia
1049 2824 1119 2861 de-

175 2880 445 2924 inandaverat,
466 2880 513 2916 R.
538 2878 735 2915 Ecclesiae
758 2877 1033 2926 patrin‘ionium
1055 2890 1118 2914 ar-

174 2933 245 2970 inis
274 2932 503 2970 invaserunt
544 2943 808 2981 magnamque
836 2931 1041 2970 saevitiam
1080 2931 1117 2968 in

173 2986 330 3023 elericos
352 2991 391 3024 et
411 2987 530 3023 laicos
551 2988 826 3023 exercuerunt.

228 3040 449 3078 Fridericus
471 3040 507 3077 in
528 3039 681 3077 Italiam
704 3040 825 3077 redux
847 3039 1029 3089 cognovit
1048 3050 1118 3076 sua

175 3093 294 3142 ipsius
328 3094 538 3140 interesse,
575 3096 616 3131 ut
646 3105 733 3131 cum
764 3094 952 3131 l'ontifice
983 3104 1116 3143 pacem

175 3146 307 3192 iniret;
329 3151 563 3198 quapropter
584 3148 631 3186 ad
653 3148 890 3197 (Erregorium
914 3148 985 3198 IX,
1002 3148 1078 3185 iam
1096 3158 1118 3185 a

683 80 835 109 EBOCHA
866 79 947 105 vm.
978 80 1004 104 A
1032 78 1294 106 PONTIFICATV
1323 79 1557 106 INNOCENTII
1585 80 1628 106 111

1180 145 1370 184 Romanis
1389 145 1427 182 in
1445 145 1592 183 Urbem
1609 148 1851 192 revocatum,
1869 148 2045 186 oratores
2059 146 2127 186 mi-

1179 199 1240 236 sit.
1272 193 1344 237 An.
1379 199 1480 237 1230
1509 211 1585 248 pax
1615 200 1830 248 composita
1849 200 1938 246 fuit,
1958 204 1998 239 et
2015 204 2126 250 post-

1179 263 1294 300 quam
1306 253 1520 301 imperator
1534 253 1783 290 iureiurando
1792 253 2127 303 spopondisset,se

1180 305 1380 343 Ecclesiae
1398 305 1622 343 libertatem
1643 308 1684 343 et
1702 306 1804 352 iura,
1824 319 1926 355 quae
1947 307 2127 345 violave-

1178 361 1260 404 rat,
1284 358 1556 396 restituturum
1579 359 1768 408 illataque
1787 360 1980 408 ecclesiis,
1997 361 2128 399 mona'-

1177 412 1306 450 steriis
1335 412 1398 449 vel
1429 412 1600 460 personis
1630 412 1734 450 mala
1758 416 2058 461 reparaturum,
2077 414 2127 452 ab

1177 466 1353 504 omnibus
1376 466 1553 503 censuris
1572 466 1773 517 absolutus
1795 465 1913 504 fuit1.

1231 520 1378 556 Verum
1403 519 1572 568 perfidus
1589 519 1804 568 imperator
1820 519 1924 557 facta
1940 520 2126 558 Pontifici

1175 573 1365 622 promissa
1395 585 1530 622 parum
1565 573 1738 619 curavit,
1773 573 2127 622 Longobardorum

1177 626 1344 664 dissidiis
1360 631 1399 664 et
1415 626 1622 664 rebellione
1640 626 1710 663 filii
1727 627 1785 663 sui
1804 626 1961 663 Henrici
1978 626 2016 663 in
2033 627 2129 664 Ger-

1177 680 1306 718 mania
1328 680 1550 724 distractus,
1571 679 1798 727 aliquandiu
1820 680 1869 717 ab
1890 679 2037 729 apertis
2058 680 2135 727 ini-⁴

1179 733 1334 771 micitiis
1354 739 1491 771 contra
1512 733 1745 770 Pontificem
1765 733 1970 780 abstinuit3
1987 733 2055 771 sed
2075 733 2126 770 fi-

1176 786 1225 823 lio
1238 799 1307 824 suo
1321 786 1491 824 Henrico
1507 791 1544 825 et
1558 786 1754 836 plerisque
1767 787 2065 835 Longobardiae
2079 787 2128 824 ci·

1177 841 1367 877 vitatibus
1387 841 1426 877 in
1447 840 1623 877 ordinem
1644 841 1824 884 redactis,
1841 840 1952 878 novis
1967 839 2128 879 iniuriis

1175 894 1408 942 Gregorium
1440 894 1512 942 Pp.
1541 894 1759 941 saturavit3
1782 894 1941 931 Entium
1963 894 2126 933 nothum

1173 959 1288 985 suum
1309 948 1459 986 creavit
1478 959 1612 996 regem
1637 947 1860 993 Sardiniae,
1879 958 1979 995 quae
1995 947 2043 984 ab
2059 959 2126 986 an-

1173 1000 1291 1050 tiquis
1312 1001 1552 1051 temporibus
1574 1000 1819 1050 Apostolicae
1839 999 1948 1038 Sedis
1968 1000 2063 1039 iuris
2082 1013 2126 1038 e-

1174 1059 1253 1100 rat3
1284 1056 1404 1093 totius
1434 1054 1573 1092 Italiae
1594 1054 1793 1103 ipsiusque
1815 1054 1932 1091 Urbis
1953 1054 2126 1102 Romae,

1173 1109 1300 1145 deleto
1323 1108 1524 1146 Pontificis
1545 1108 1782 1157 principatu,
1801 1107 2006 1156 imperium
2025 1119 2122 1145 con-

1173 1162 1345 1211 cupivit3
1366 1162 1576 1207 Romanos,
1599 1162 1646 1198 ad
1668 1161 1898 1199 seditionem
1920 1164 1960 1199 et
1975 1161 2023 1198 ad
2039 1161 2126 1210 pel-

1171 1215 1328 1253 lendum
1350 1228 1399 1253 ex
1412 1215 1515 1253 Urbe
1530 1214 1760 1252 Pontificem
1781 1214 1991 1262 excitavit3
2010 1214 2049 1252 in
2070 1214 2126 1253 Si·

1170 1269 1261 1306 cilia
1276 1269 1563 1307 ecclesiasticas
1579 1268 1780 1306 libertates
1797 1272 1836 1305 et
1856 1279 2039 1317 personas
2056 1280 2124 1318 op-

1171 1323 1312 1371 pressit
1324 1323 1575 1371 graviterque
1590 1322 1761 1360 vexavit.
1772 1322 2020 1370 Quapropter
2031 1321 2123 1359 Gre-

1169 1377 1302 1425 gorius
1334 1377 1402 1425 Pp.
1429 1389 1490 1414 an.
1524 1377 1624 1415 1239
1644 1379 1916 1413 contumacem
1939 1377 1978 1412 et
1999 1375 2123 1424 periu-

1170 1442 1255 1467 rum
1277 1431 1554 1479 imperatorem
1580 1441 1720 1467 rursus
1741 1428 2122 1475 excommunicavit,

1169 1496 1379 1532 omnesque
1401 1483 1490 1521 fidei
1512 1483 1764 1520 iureiurando
1784 1482 1819 1519 ei
1837 1481 2057 1525 obstrictos,
2074 1482 2123 1519 ab

1168 1537 1271 1574 illius
1301 1537 1574 1574 observatione
1608 1536 1754 1574 solutos
1783 1535 2013 1573 declaravit.
2041 1535 2127 1573 Fri-

1168 1591 1322 1628 dericus
1339 1590 1469 1628 furore
1485 1591 1522 1627 in
1543 1589 1772 1628 Pontificem
1793 1588 1985 1637 percitus,
2013 1600 2125 1626 exer-

1169 1644 1289 1682 citum
1312 1645 1477 1682 Romam
1500 1645 1628 1689 duxit3
1649 1644 1716 1681 sed
1747 1643 1913 1681 Romani
1942 1653 1984 1680 se
2004 1641 2124 1681 Urbis

1169 1697 1385 1736 defensioni
1417 1698 1697 1744 accinxerunt3
1718 1707 1837 1746 quare
1858 1699 2010 1734 mutato
2027 1707 2123 1733 con-

1166 1751 1251 1788 silio
1277 1752 1463 1789 ditionem
1482 1753 1529 1790 R.
1551 1751 1746 1789 Ecclesiae
1764 1750 1936 1799 pervasit
1951 1758 1992 1788 et
2010 1761 2119 1787 sum-

1168 1817 1231 1842 ma
1251 1806 1430 1843 barbarie
1451 1805 1685 1850 devastavit,
1715 1804 1751 1841 in
1783 1815 1917 1841 omnes
1947 1802 2012 1852 qui
2042 1804 2122 1842 sta-

1167 1860 1259 1897 bant
1279 1871 1302 1897 a
1323 1860 1499 1909 partibus
1519 1858 1721 1897 Pontificis
1742 1857 1897 1903 saeviit,
1919 1860 2122 1906 totamque

1166 1913 1319 1951 Italiam
1338 1910 1518 1959 dissidiis,
1540 1913 1649 1958 odiis,
1675 1911 1912 1950 factionibus
1932 1909 2121 1959 bellisque

1165 1967 1388 2015 complevit.
1410 1966 1647 2004 Notissimae
1672 1968 1764 2004 sunt
1791 1964 1981 2003 factiones
2005 1963 2120 2002 Guel-

1167 2021 1327 2069 phorum
1350 2023 1390 2058 et
1410 2020 1675 2058 Gibelinorum
1689 2048 1698 2065 ,
1719 2031 1740 2056 e
1769 2018 1912 2067 quibus
1933 2017 1970 2054 hi
1990 2017 2119 2066 impe-

1164 2076 1322 2121 ratoris,
1343 2074 1396 2112 illi
1421 2073 1623 2111 Pontificis
1644 2074 1775 2122 partes
1795 2070 2066 2116 defendebant,
2083 2082 2120 2108 a·

1165 2129 1233 2165 deo
1256 2130 1297 2165 ut
1319 2127 1541 2177 provinciae
1565 2125 1794 2175 provinciis,
1819 2124 1999 2162 civitates
2029 2124 2122 2161 civi·

1162 2183 1328 2227 tatibus,
1360 2181 1532 2218 familiae
1563 2179 1720 2217 fam-iliis
1742 2183 1873 2216 essent
1891 2176 2067 2215 infensae
2088 2175 2116 2215 ².

1216 2235 1426 2284 Gregorius
1447 2234 1515 2280 IX,
1539 2237 1580 2271 ut
1600 2232 1791 2270 luctuosis
1813 2231 2011 2269 Ecclesiae
2030 2243 2116 2269 ma-

1162 2288 1208 2326 lis
1242 2289 1596 2337 praesentissimum
1627 2286 1798 2324 adferret
1826 2284 2065 2330 remedium,
2095 2297 2116 2323 e

1163 2342 1431 2379 Cardinalium
1467 2340 1628 2379 consilio
1665 2352 1766 2377 anno
1801 2338 1900 2377 1240
1929 2337 2114 2388 generale

1163 2395 1366 2433 concilium
1403 2407 1452 2433 ex
1487 2394 1589 2432 omni
1619 2394 1712 2431 orbe
1742 2392 1933 2430 catholico
1963 2391 2113 2430 Romae

1163 2449 1406 2486 convocavit.
1430 2448 1664 2492 Fridericus‚
1685 2446 1750 2496 qui
1767 2449 1886 2484 antea
1901 2444 2110 2483 concilium

1164 2503 1345 2552 generale
1376 2502 1660 2551 appellaverat,
1682 2512 1784 2538 nunc
1804 2502 1954 2537 terrore
1974 2497 2111 2536 minis-

1163 2569 1236 2604 que
1266 2556 1359 2593 illud
1389 2556 1574 2605 impedire
1610 2555 1772 2592 conatus
1802 2555 1881 2600 est3
1912 2553 2007 2601 quin
2037 2551 2115 2589 imo

1164 2610 1426 2647 Genuensiuin
1448 2610 1642 2653 triremes,
1663 2607 1729 2657 qui
1752 2607 1892 2644 multos
1914 2605 2114 2654 praesules

1163 2676 1183 2700 c
1214 2664 1354 2709 Gallia,
1388 2663 1575 2712 Hispania
1604 2666 1643 2700 et
1673 2661 1758 2698 aliis
1779 2659 2006 2708 regionibus
2027 2659 2113 2696 Ro-

1164 2729 1267 2754 mam
1299 2718 1508 2764 ducebant,
1531 2728 1598 2766 per
1619 2715 1779 2754 Entium
1801 2712 1963 2751 nothum
1982 2711 2112 2749 inter-

1163 2771 1235 2819 cipi
1259 2771 1384 2817 iussit,
1407 2770 1580 2808 nonnulli
1598 2768 1798 2819 praesules
1814 2765 1924 2815 aquis
1941 2765 2114 2803 submer-

1161 2825 1207 2867 si,
1236 2824 1315 2870 alii,
1347 2825 1481 2873 paucis
1510 2825 1574 2874 qui
1604 2824 1816 2861 evaserunt
1845 2818 2047 2868 exceptis,
2073 2818 2111 2856 in

1162 2890 1338 2915 carceres
1359 2879 1520 2916 coniecti
1541 2875 1675 2915 sunt3.

1214 2932 1274 2969 21.
1303 2932 1554 2970 Caelestinus
1588 2930 1674 2974 IV,
1712 2926 1979 2967 Innocentius
2016 2925 2100 2970 IV,

1204 3044 1210 3065 ¹
1231 3043 1377 3083 Raynald.
1393 3044 1431 3074 :id
1446 3053 1492 3074 an.
1517 3042 1652 3074 1220-30.

1202 3085 1215 3105 '2
1233 3087 1271 3115 be
1296 3086 1415 3123 origine
1441 3089 1470 3116 et
1493 3085 1624 3116 historia
1646 3084 1853 3124 Guelphornm
1883 3084 1913 3113 et
1935 3080 2109 3112 Gibellino-

1161 3136 1224 3158 rnm
1244 3128 1298 3157 vid.
1319 3128 1475 3164 Mur-amri,
1492 3125 1647 3169 Antiquil.
1667 3125 1732 3156 ital.
1747 3130 1765 3155 t⁴
1785 3124 1836 3162 111,
1849 3124 1922 3155 diss.
1941 3122 1993 3155 51.

1200 3170 1213 3190 1⁵
1232 3169 1376 3206 namatii.
1395 3169 1495 3200 adan.
1515 3166 1865 3203 1230-21.-³1dem,au
1880 3174 1928 3196 an.
1947 3162 2082 3196 12-21-43
2095 3187 2102 3197 .
