2241 3473
673 182 811 211 VSQVE
833 181 886 209 AD
907 178 1195 207 PRAESENTEM
1218 177 1425 205 ΑΕΤΑΤΕΜ

134 256 194 293 72.
220 255 406 302 Syllabas
431 261 520 298 (an.
553 255 662 299 1864)
681 277 718 283 --
737 255 832 292 Pius
870 254 938 301 Pp.
978 253 1031 289 IX

88 320 204 358 quum
222 310 287 345 vix
305 309 354 344 ad
374 309 482 345 Petri
501 310 740 347 cathedram
758 314 921 346 evectus
941 307 1032 343 fuis-

86 367 168 407 set,
195 362 422 398 horribilem
449 373 543 399 sane
571 363 707 400 videns
735 362 947 410 procellam
977 364 1032 396 tot

87 415 220 464 pravis
237 415 484 463 opinionibus
499 417 724 459 excitatam,
742 421 782 452 et
797 415 1032 463 gravissima

87 479 135 505 ac
161 479 359 516 nunquam
386 470 482 506 satis
509 470 678 517 lugenda
695 470 853 511 damna,
873 478 971 515 quae
994 467 1031 502 in

85 522 355 560 Christianum
383 523 568 570 populum
595 535 642 560 ex
671 528 727 559 tot
744 522 947 559 erroribus
974 531 1031 556 re-

85 575 332 620 dundabant,
351 587 427 612 non
454 576 595 613 desinit
620 587 731 612 suam
757 575 948 611 extollere
967 585 1031 609 vo-

86 640 171 666 cem
198 634 238 666 et
264 630 498 677 praecipuos
527 630 773 666 tristissimae
805 628 949 664 aetatis
974 639 1033 663 er-

87 693 200 719 rores
226 682 416 719 damnare
433 711 442 726 ,
477 683 650 730 pluribus
676 682 714 718 in
745 682 885 728 vulgus
920 680 1032 717 editis

86 737 297 784 encyclicis
323 737 525 784 Epistolis,
546 735 856 772 Allocutionibus
874 738 914 770 et
930 735 1034 780 Apo-

87 789 236 826 stolicis
262 790 404 826 litteris
421 790 470 826 ad
489 791 704 838 Episcopos
721 788 896 825 universi
915 787 1032 823 Orbis

91 842 205 879 datis.
244 843 373 884 Quum
408 855 500 880 vero
535 843 675 880 nefasti
710 853 870 879 errores
905 841 1033 887 magis

86 897 288 944 magisque
316 898 355 932 in
383 898 570 934 societate
599 896 813 932 christiana
840 906 1034 942 propaga-

89 955 241 994 rentur,
259 951 442 987 Summus
469 950 652 986 Pontifex
677 950 739 985 die
765 950 787 986 8
812 949 1031 985 decembris

84 1003 175 1041 1864
205 1004 459 1052 Encyclicam
492 1004 653 1044 Quanta
683 1015 782 1040 cura
812 1002 956 1047 edidit,
985 1002 1032 1038 ad

87 1056 364 1101 Patriarchas‚
393 1058 611 1101 Primates,
639 1057 968 1103 Archiepiscopos
994 1061 1033 1093 et

83 1111 301 1159 Episcopos
326 1113 532 1148 universos
558 1112 710 1154 datam,
729 1111 767 1146 in
794 1121 870 1158 qua
887 1121 1037 1158 memo-⁴

84 1174 178 1201 rans
197 1177 360 1203 errores
379 1166 416 1201 in
438 1165 605 1201 laudatis
623 1165 860 1211 Encyclicis‚
879 1164 1034 1200 Allocu-

84 1218 266 1262 tionibus,
287 1219 472 1266 Epistolis
491 1219 570 1254 iam
595 1219 850 1265 proscriptos,
867 1218 1032 1265 vigilan-

85 1271 180 1307 tiam
196 1273 434 1318 pastoralem
445 1272 675 1308 Antistitum
690 1272 831 1308 iterum
843 1272 1031 1307 excitavit

84 1324 133 1360 ad
148 1325 248 1362 alias
262 1337 408 1372 pravas
423 1325 690 1374 profligandas
705 1325 920 1372 opiniones,
933 1336 1031 1372 quae

83 1389 132 1414 ex
151 1379 297 1416 eisdem
313 1380 530 1423 erroribus,
546 1380 667 1416 veluti
682 1391 731 1416 ex
745 1379 930 1422 fontibus,
946 1390 1031 1415 eru-

82 1438 264 1479 puerunt·
292 1434 393 1470 Huic
419 1434 646 1480 encyclicae
677 1433 802 1469 iunxit
833 1433 1030 1481 Syllabum

81 1487 283 1534 octoginta
308 1488 599 1535 propositiones
624 1489 869 1536 proscriptas
899 1499 948 1524 ex
978 1488 1031 1524 di-

82 1540 155 1576 ctis
174 1540 422 1578 documentis
449 1546 659 1589 excerptas
687 1542 1030 1589 complectentem,

81 1594 218 1640 quibus
244 1597 470 1631 accuratius
489 1595 632 1632 multas
650 1595 898 1640 pantheismi,
919 1599 1030 1631 natu-

82 1647 245 1692 ralismi‚
266 1649 539 1692 rationalismi‚
558 1648 888 1692 indifferentismi‚
909 1649 1031 1684 socia-

83 1700 185 1737 lismi
219 1706 259 1738 et
293 1703 589 1746 communismi‚
624 1703 798 1749 aliasque
826 1702 1032 1738 liberomu-

82 1755 330 1792 rator-iorum
356 1760 397 1793 et
423 1757 690 1793 recentiorum
722 1756 943 1792 liberalium
973 1767 1032 1792 as-

83 1809 281 1846 sertiones
307 1811 460 1847 reiecit·
481 1812 539 1847 Ea
568 1811 718 1847 ratione
746 1810 840 1846 Pius
859 1811 913 1846 IX
931 1821 1030 1846 sana

83 1863 276 1911 principia
302 1865 519 1902 efficaciter
545 1865 771 1908 vindicavit,
799 1869 914 1911 atque
942 1866 1031 1901 effe-

83 1917 138 1952 cit
161 1922 204 1953 ut
229 1917 365 1955 fideles
395 1930 548 1966 quoque
579 1919 617 1954 in
643 1919 802 1955 sincera
827 1919 1030 1955 Ecclesiae

82 1968 264 2007 doctrina
297 1972 465 2008 tenenda
491 1983 538 2009 ac
571 1972 716 2009 tuenda
749 1982 1032 2008 conservaren-

83 2027 160 2059 tur.
179 2025 269 2061 Non
295 2025 507 2063 defuerunt
532 2027 637 2063 enim
665 2026 786 2062 variis
804 2026 843 2061 in
863 2027 1033 2073 regioni-

83 2078 174 2122 bus,
201 2081 265 2126 qui
292 2080 582 2116 catholicorum
608 2080 835 2116 liberalium
861 2080 1032 2127 appella-

83 2132 188 2169 tione
225 2133 448 2181 designati,
486 2134 799 2170 moderationem
836 2134 1031 2181 quandam

82 2185 264 2223 fallacem
289 2189 398 2235 sequi
423 2188 653 2232 studebant,
683 2193 798 2235 atque
825 2188 873 2223 ad
899 2188 1032 2224 ineun-

81 2239 152 2277 das
169 2243 461 2279 transactiones
480 2242 721 2290 perniciosas
739 2253 826 2278 cum
845 2241 1033 2278 doctrinis

82 2298 122 2331 et
147 2295 282 2332 studiis
301 2296 625 2333 adversariorum
643 2297 846 2332 Ecclesiae
867 2307 1031 2342 propen-

81 2348 238 2385 debant.
266 2351 418 2387 Horum
445 2351 646 2387 conatibus
673 2350 899 2387 temerariis
932 2349 1032 2385 Pon-

82 2402 177 2439 tifex
203 2415 349 2451 magna
382 2405 602 2441 constantia
636 2405 820 2440 continuo
856 2404 1030 2446 restitit,

80 2457 346 2505 plurimosque
364 2470 413 2494 ex
431 2459 506 2495 illis
522 2459 618 2496 viris
633 2459 681 2494 ad
695 2459 856 2495 saniora
871 2458 1032 2494 consilia

79 2511 280 2558 sequenda
307 2511 501 2548 reduxitl.

126 2564 350 2601 73-Festztm,
363 2566 523 2601 saecula
530 2565 1030 2614 r.PrincipzcmAposColor-.

81 2617 324 2666 aliorumque
339 2618 489 2655 SSrum
511 2619 774 2656 Canonc‘zatio
790 2620 1030 2663 (an.1867)-

80 2673 194 2707 Anno
216 2672 308 2709 1867
325 2673 386 2709 die
406 2673 451 2709 29
477 2674 570 2709 iunii
594 2674 810 2710 saecularis
838 2675 1030 2721 agebatur

82 2726 276 2761 memoria
302 2726 406 2762 illius
432 2727 523 2771 diei,
550 2738 639 2774 qua,
667 2733 758 2764 ante
785 2738 907 2764 annos
926 2728 1028 2763 mille

78 2852 141 2885 que
170 2845 256 2880 iuvat
283 2847 467 2882 Alexandro
484 2849 521 2882 de
541 2846 761 2883 &int—Albin,
786 2847 843 2879 Pie
866 2846 924 2884 IX,
941 2846 1027 2881 Paris

78 2888 183 2940 ¹360,
210 2891 340 2931 in-12⁰;
357 2896 416 2927 Pie
437 2894 484 2926 IX
498 2898 530 2927 et
546 2903 606 2926 son
626 2893 821 2934 Pontificat;
847 2893 941 2926 Cara.
965 2895 1028 2926 Ma-

80 2935 183 2974 ιὴιεειι,
205 2939 334 2972 archev.
353 2943 390 2972 <le
418 2941 596 2978 Besancon,
624 2939 665 2970 Le
690 2940 835 2980 pouvoir
863 2941 1026 2979 tempor-el

77 2979 134 3012 des
157 2982 402 3028 Papesjustifie'
418 2996 482 3027 par
506 2987 527 3018 l·
541 2985 690 3023 histoire,
705 2983 793 3017 Paris
808 2984 908 3024 1863,
924 2985 1022 3017 ιιι-80.

118 3026 129 3047 ¹
152 3028 340 3071 Encycllcae
361 3032 495 3073 Quanta
514 3041 598 3064 cura
616 3040 685 3063 cuin
717 3031 849 3072 Syllaba
877 3039 1023 3064 connexo

77 3071 190 3113 plures
223 3081 336 3108 extant
364 3078 537 3110 editiones.
570 3076 666 3108 Nobis
691 3082 817 3117 praesto
848 3080 924 3109 sunt
955 3076 1025 3110 Acti

78 3117 246 3161 Pontificii
262 3132 280 3154 ο
296 3123 388 3156 sieno
415 3122 547 3155 Lettera
566 3121 736 3154 Enciclica
754 3131 770 3154 e
796 3121 919 3154 Sillabo
937 3122 1024 3164 deylc'

77 3160 100 3193 8
115 3163 283 3199 dicembre
306 3168 391 3201 1864
408 3170 454 3202 co'
475 3168 674 3201 Documenti
694 3169 728 3200 in
745 3169 810 3200 essi
835 3168 956 3208 citati,
977 3173 1022 3201 te-

77 3210 127 3259 sto
144 3219 161 3242 e
185 3213 506 3254 volyarizzamento,
525 3214 636 3246 curali
663 3222 720 3253 per
738 3223 801 3246 una
828 3214 879 3256 pia
899 3214 1022 3248 Unione

77 3253 108 3284 dl
125 3257 290 3292 Sacerdoti
311 3260 513 3303 Napolstani,
532 3259 649 3301 Napoli
666 3258 766 3292 1865.

1900 159 1978 198 375

1083 252 1347 298 octingentos,
1366 250 1493 285 Roma
1519 247 1587 283 SS.
1610 243 1890 292 Apostolorum
1917 241 2030 277 Priu-

1084 306 1213 352 cipum
1239 303 1411 351 glorioso
1429 306 1490 339 est
1514 301 1730 348 purpurata
1756 295 1966 342 sanguine,
1993 300 2032 332 et

1083 359 1319 394 Sanctorum
1338 355 1654 393 decernebantur
1669 352 1838 386 honores
1860 349 2032 396 permul-

1086 413 1133 448 tis
1149 413 1291 448 inclitis
1302 411 1504 448 Ecclesiae
1517 405 1811 444 Heroibuslarn
1832 402 2030 445 antea,dic

1083 467 1105 503 8
1131 465 1349 502 decembris
1382 465 1498 504 1866,
1525 461 1642 500 Card·
1671 458 1863 500 Caterini,
1898 457 2029 493 praef.

1084 521 1227 566 Congr.
1256 518 1447 559 Concilii‚
1476 514 1679 551 pontificis
1711 512 1867 547 nomine
1895 510 2034 559 invita-

1086 578 1201 609 verat
1229 583 1366 607 omnes
1391 570 1439 606 ad
1466 570 1615 606 Urbem
1644 567 1870 614 Episeopos,
1900 568 2033 600 tantae

1085 625 1306 663 celebritati
1324 625 1522 660 astituros.
1541 622 1600 657 Ad
1618 619 1807 656 eiusmodi
1826 618 1928 654 festa
1949 629 2034 665 per-

1083 680 1238 725 agenda
1257 708 1266 723 ,
1292 688 1534 726 permagnus
1564 675 1735 710 fidelium
1770 684 1958 708 numerus
1992 677 2033 708 et

1083 734 1153 771 500
1179 745 1227 769 ex
1254 732 1469 768 christiano
1496 730 1590 766 orbe
1623 727 1806 775 Episcopi
1837 737 2033 762 convene-

1086 790 1190 823 runt.
1202 787 1273 822 Die
1289 786 1335 822 25
1348 785 1441 821 iunii
1453 782 1695 831 presbyteris
1705 781 1865 816 circiter
1880 779 2024 823 12‚000‚

1084 840 1146 887 qui
1192 841 1359 875 Romam
1403 838 1571 885 undiquc
1617 835 1864 871 advenerant
1885 862 1893 877 ‚
1939 833 2031 870 Pius

1086 894 1154 940 Pp.
1176 894 1245 936 IX,
1265 892 1512 928 Allocutionc
1540 886 1836 926 Iucundissima
1862 886 2030 933 quidem,

1084 947 1206 983 verba
1233 946 1398 989 faciens,
1418 945 1607 981 eximiam
1635 942 1790 978 illorum
1816 952 1914 987 erga
1933 943 2034 988 Apo-

1084 1001 1264 1037 stolicam
1293 999 1436 1036 Sedem
1468 999 1671 1047 pietatem,
1703 995 1968 1038 devotionem,
1997 999 2036 1031 et

1083 1055 1378 1090 observantiam
1406 1062 1599 1089 summam
1627 1050 1700 1086 sibi
1727 1050 1873 1085 afferre
1901 1059 2037 1084 conso-

1083 1107 1271 1143 lationem
1305 1107 1429 1149 dixit,
1462 1106 1567 1141 inter
1594 1102 1863 1150 gravissimas,
1899 1101 2035 1149 quibus

1083 1160 1362 1206 affligebatur,
1392 1158 1658 1199 acerbitates,
1688 1166 1831 1202 eosque
1859 1155 2035 1192 hortatus

1084 1217 1143 1249 cst
1170 1213 1219 1249 ad
1244 1225 1340 1260 opus
1368 1212 1515 1259 proprii
1544 1209 1754 1246 ministerii
1776 1209 2034 1245 solertissime

1082 1267 1334 1315 implendum.
1353 1267 1544 1303 «Summo
1559 1268 1692 1301 autem
1718 1263 1859 1307 studio,
1887 1263 2033 1306 aiebat,

1084 1321 1317 1357 auxiliarem
1342 1324 1518 1356 vestram
1547 1329 1710 1366 operam
1744 1317 1890 1353 vestris
1924 1317 2035 1352 Anti-

1085 1375 1241 1411 stitibus
1266 1378 1476 1418 navantes,
1497 1373 1629 1420 eisque
1656 1371 1744 1413 illa,
1763 1382 1838 1419 qua
1865 1381 1938 1417 par
1956 1375 2032 1415 est,

1084 1429 1313 1466 reverentia
1340 1431 1623 1475 obsequentes,
1644 1425 1776 1462 omnia
1803 1424 2034 1471 peragenda

1084 1487 1246 1526 curate,
1279 1486 1321 1518 ut
1347 1482 1448 1529 quod
1482 1482 1521 1516 in
1555 1480 1715 1527 propria
1749 1479 1936 1525 cuiusque
1969 1490 2035 1514 ve-

1082 1540 1208 1572 strum
1234 1536 1414 1573 Dioecesi
1433 1535 1634 1570 infirmum
1653 1534 1716 1576 sit,
1737 1536 1912 1576 sanetur,
1933 1532 2033 1579 quod

1083 1590 1345 1632 confractum,
1373 1589 1576 1636 alligetur,
1603 1587 1702 1634 quod
1729 1587 1941 1629 abiectum,
1973 1598 2033 1622 re-

1083 1644 1261 1688 ducatur,
1278 1644 1382 1691 quod
1397 1642 1573 1690 perierit,
1590 1645 1802 1689 quaeratur
1814 1653 1847 1674 ».
1866 1639 2032 1675 Postero

1083 1703 1214 1734 autem
1242 1698 1304 1734 die
1332 1698 1369 1732 in
1395 1696 1639 1734 Consistorio
1666 1698 1823 1731 secreto
1841 1723 1850 1736 ‚
1877 1694 2035 1730 Allocu-

1083 1753 1230 1788 tionem
1256 1750 1465 1798 Singulari
1483 1749 1635 1797 quidem
1662 1749 1711 1784 ad
1738 1748 1970 1785 Cardinales
1992 1751 2031 1784 et

1084 1805 1297 1853 Episcopos
1311 1805 1461 1840 habens
1475 1804 1521 1840 de
1533 1803 1698 1839 solemni
1714 1804 1951 1838 Sanctorum
1969 1813 2034 1837 ca·
2062 1814 2064 1816 ’

1082 1859 1327 1895 nonizatione
1343 1857 1446 1894 etde
1465 1856 1698 1893 centenaria
1715 1856 1816 1892 festa
1833 1856 1904 1891 SS.
1926 1857 2028 1901 Apo-

1082 1913 1273 1949 stolorum
1307 1911 1545 1959 peragendis
1563 1939 1571 1954 ,
1607 1910 1783 1946 dolorem
1813 1921 1928 1945 suum
1954 1909 2032 1944 illis

1053 1953 1238 2023 {aperuit
1263 1966 1313 2002 de
1348 1970 1404 2001 tot
1437 1964 1551 2000 malis
1584 1965 1699 2010 longe
1736 1964 1892 2010 lateque
1919 1973 2028 2008 gras-

1083 2018 1674 2065 santibus«Iamdiu,iuquiebat
1686 2016 1924 2059 Pontifex,in
1945 2017 2030 2052 acie

1085 2079 1223 2110 contra
1249 2073 1410 2109 callidos
1438 2077 1477 2108 et
1503 2072 1666 2108 infestos
1683 2071 1816 2107 hostes
1835 2081 1906 2117 pro
1925 2070 2034 2106 iusti-

1086 2129 1163 2164 tiae
1203 2132 1244 2164 et
1281 2127 1501 2173 Religionis
1539 2125 1768 2162 defensione
1811 2135 2028 2160 versamur.

1084 2183 1182 2218 Tam
1208 2181 1406 2225 diuturna,
1429 2184 1512 2216 tam
1532 2180 1671 2226 ingens
1701 2178 1902 2214 dimicatio
1928 2179 2030 2224 geri-

1087 2240 1177 2279 tur,
1203 2240 1247 2271 ut
1274 2235 1449 2270 omnium
1477 2237 1662 2280 quotquot
1687 2233 1726 2267 in
1753 2243 1869 2268 sacra
1894 2232 2032 2267 militia

1085 2293 1299 2326 censentur
1327 2289 1443 2325 simul
1469 2288 1704 2323 coniunctae
1731 2287 1851 2329 vires,
1873 2297 1951 2320 non
1977 2286 2030 2320 iu-

1083 2347 1142 2379 sto
1170 2343 1342 2380 maiores
1366 2353 1532 2379 numero
1564 2342 1613 2377 ad
1644 2340 1907 2377 resistendum
1942 2351 2028 2375 esse

1084 2397 1292 2434 videantur
1318 2412 1350 2432 2).
1380 2398 1466 2433 Hac
1495 2407 1589 2432 vero
1619 2399 1781 2441 arrepta
1805 2393 2030 2437 occasione,

1085 2451 1180 2488 Pius
1205 2452 1261 2487 IX
1287 2452 1492 2488 consilium
1519 2450 1589 2486 sibi
1617 2460 1704 2485 esse
1723 2448 1936 2484 affirmavit
1960 2447 2025 2483 ha-

1085 2505 1198 2541 bendi
1231 2516 1390 2541 sacrum
1425 2503 1720 2541 oecumenicum
1758 2507 1797 2537 et
1835 2502 2027 2547 generale

1084 2559 1258 2595 omnium
1284 2555 1569 2607 Episcoporum
1589 2556 1769 2592 catholici
1790 2556 1907 2591 Orbis
1926 2556 2024 2591 Con-

1083 2613 1227 2658 cilium,
1255 2625 1328 2661 quo
1354 2612 1582 2649 necessaria
1609 2622 1655 2647 ac
1682 2610 1872 2646 salutaria
1899 2620 2027 2645 reme-

1082 2666 1145 2702 dia
1172 2671 1228 2703 tot
1254 2666 1490 2714 praesertim
1517 2665 1630 2700 malis
1648 2693 1656 2708 ,
1684 2664 1820 2711 quibus
1847 2663 2028 2698 Ecclesia

1082 2721 1291 2768 premitur,
1319 2721 1402 2756 Deo
1429 2718 1656 2761 adiuvante,
1683 2717 1976 2754 adhiberentur.

1128 2774 1199 2810 Die
1231 2774 1276 2810 29
1310 2773 1405 2808 iunii
1442 2772 1544 2807 inter
1582 2772 1796 2806 Missarum
1833 2769 2026 2806 solemnia

1080 2828 1181 2864 idem
1211 2827 1392 2862 Pontifex
1420 2825 1576 2861 Sanctis
1594 2825 1795 2861 accensuit
1813 2825 1894 2859 Bss.
1914 2823 2028 2859 losa-

1074 2881 1175 2929 pltat
1202 2879 1447 2921 Kane-ebich,
1475 2878 1750 2914 Ruthenorum
1783 2878 2025 2921 Antistitem,

1080 2936 1241 2971 Petrum
1257 2933 1304 2969 dc
1318 2933 1482 2974 Armes,
1503 2932 1716 2968 Nicolaum
1735 2931 1919 2967 Pichiztm
1935 2942 2024 2966 cum

1078 2989 1209 3030 sociis,
1246 2986 1308 3034 qui
1350 2986 1560 3032 Martyres
1597 2986 1881 3033 Gorgyonienses
1922 2985 2024 3020 voci-

1081 3048 1232 3083 tantur,
1271 3039 1453 3075 videlicet
1479 3039 1765 3086 Hieronymum
1783 3068 1790 3081 ,
1809 3038 2026 3074 Theodori-

1077 3106 1175 3134 cum,
1193 3092 1407 3129 Nicasiam,
1421 3092 1623 3130 Ioannem,
1648 3092 1931 3135 willehadum,
1953 3092 2028 3128 Go-

1077 3147 1281 3196 clefriclum
1308 3146 1616 3188 Μενῡείίαηιιιη,
1635 3145 1844 3181 Antonium
1863 3145 2027 3181 &Verria-

1077 3213 1187 3240 ηιιιη,
1225 3199 1439 3235 Antonium
1478 3198 1814 3237 Hornanicnsem,
1854 3198 2025 3234 Franci-

1076 3265 1197 3297 scum,
1212 3252 1416 3293 Ioannem,
1430 3251 1667 3292 Adrianum,
1686 3251 1890 3297 Iacobum,
1906 3252 2025 3288 Ioan-
