2241 3473
201 92 278 130 168

146 166 356 204 vinitatem
387 178 411 204 a
431 164 602 203 mirabili
621 165 703 201 eius
723 164 1006 213 propagatione
1035 165 1103 201 de-

146 219 332 258 sumitur.
367 219 408 256 Si
444 218 547 254 enim
578 217 874 254 considerentur
902 216 1104 265 religionis

145 272 388 309 christianae
410 273 550 307 natura
567 298 576 315 ,
597 271 783 318 dogmata
803 272 844 306 et
871 272 1080 317 praecepta
1093 299 1103 316 ,

145 325 250 362 homi
260 324 318 361 nis
330 326 515 371 corrupta
527 323 684 368 natura,
701 322 859 359 moralis
870 322 1006 359 mundi
1022 326 1104 359 sta-

144 381 208 415 tus
231 377 370 414 Christi
395 375 550 412 Domini
572 376 611 412 et
639 375 918 422 Apostolorum
947 379 1103 423 tempo-

144 430 268 475 ribus,
289 429 416 466 media
436 428 576 476 quibus
596 427 773 475 Apostoli
791 439 1006 476 eorumque
1022 440 1106 465 suc-

146 493 318 520 cessores
344 481 390 517 ad
422 481 717 529 propagandum
747 480 1012 530 Evangelium
1045 481 1101 518 usi

146 538 251 581 sunt,
274 532 561 582 persecutiones
583 532 736 582 aliaque
754 534 1032 583 propagandae
1048 545 1104 570 re-

144 588 301 636 ligionis
334 585 572 622 christianae
606 586 838 634 multiplicia
877 586 1104 634 obstacula,

144 640 367 677 luculenter
383 640 549 684 constat,
561 638 782 676 mirabilem
796 639 1004 689 Evangelii
1020 651 1104 688 pro-

144 693 389 741 pagationem
428 691 586 728 divinae
621 692 804 741 potestati
837 705 922 730 esse
951 692 1102 730 adscri-

142 746 323 783 bendam.
345 744 419 786 Qui
441 756 536 781 vero
569 745 836 794 perpenderit,
863 750 1102 794 quantopere

143 798 408 836 mahometica
427 797 569 846 religio
585 798 781 836 humanae
798 802 967 836 naturae
988 798 1102 847 cupi-

143 851 331 888 ditatibus
352 850 510 897 faveat,
530 854 569 888 et
590 854 739 900 quanta
759 852 868 890 fraus
889 864 934 889 ac
964 852 1024 888 vis
1054 852 1101 889 ad

142 904 249 941 illam
271 904 569 953 propagandam
590 904 739 941 suerint
761 905 960 942 adhibitae
977 935 986 951 ,
1008 904 1102 941 nihil

141 958 344 1005 singulare
359 959 429 994 aut
442 958 586 994 mirum
598 957 634 994 in
655 958 956 996 mahometanae
973 961 1103 996 sectae

143 1011 398 1047 incrementis
419 1010 608 1047 contineri
632 1011 841 1059 perspiciet
859 1011 883 1050 ¹.

193 1064 230 1100 ⁶2.
252 1063 506 1111 Bom'facius
528 1063 565 1099 V
578 1064 993 1112 Pontifeoe—lnterea
1012 1075 1103 1101 san-

141 1119 227 1153 ctus
259 1116 474 1154 Deusdedit
508 1128 569 1154 an.
600 1117 678 1153 (518
708 1117 752 1153 ΥΟ
781 1117 868 1156 idus
899 1117 1100 1155 novembr.

142 1169 384 1215 ‹lcfuncto,in
400 1181 554 1206 summo
575 1169 805 1218 pontificatu
827 1170 1016 1208 successit
1033 1171 1103 1207 130-

142 1222 306 1259 nifacius
318 1223 367 1268 V,
379 1221 678 1271 Neapolitanus,
689 1224 752 1271 qui
769 1224 871 1261 sedit
887 1225 936 1261 ab
948 1235 1011 1261 an.
1024 1223 1102 1260 619

140 1276 187 1312 x⁰
208 1275 290 1312 kal.
312 1275 465 1313 ianuar.
488 1278 527 1312 ct
547 1280 728 1314 mortuus
748 1281 807 1313 est
827 1290 891 1315 an.
912 1277 990 1314 625
1011 1280 1102 1313 ante

141 1329 244 1365 diem
261 1335 336 1365 XI¹¹¹
349 1329 506 1366 kalend.
524 1330 755 1367 novembris.
770 1330 890 1367 Hicin
911 1330 1101 1378 Templis,

141 1383 309 1430 Arisque
330 1381 442 1430 asyla
463 1381 537 1418 reis
559 1382 735 1430 aperuit,
756 1395 963 1421 remorans
983 1383 1102 1420 anti-

140 1447 242 1483 quos
267 1445 449 1471 canones
469 1439 594 1483 atquc
622 1435 786 1473 decreta
815 1437 1101 1486 praedeeesso-

141 1500 238 1525 rum
255 1486 280 1524 ².
303 1487 505 1524 Immerito
526 1490 574 1525 ab
601 1488 799 1536 aliquibus
829 1490 1103 1538 reprehensus,

140 1541 241 1589 quod
264 1540 301 1576 in
323 1540 488 1588 epistola
508 1541 557 1578 ad
580 1542 790 1589 Eduinum‚
807 1542 1101 1580 Northumbro-

142 1606 228 1630 rum
252 1605 398 1642 regem,
415 1593 573 1639 dixerit,
589 1594 787 1632 Christum
805 1595 1019 1633 redemisse
1040 1607 1103 1643 ge-

141 1659 213 1683 nus
230 1647 446 1683 humanum
469 1660 490 1683 a
511 1648 592 1684 solo
610 1651 770 1695 peccato
787 1648 968 1697 originali
985 1661 993 1694 ;
1012 1660 1100 1685 nam

140 1703 416 1748 praeterquam
447 1701 547 1748 quod
570 1712 647 1738 vox
668 1702 752 1738 solo
773 1701 809 1738 in
832 1703 915 1750 ipsa
935 1701 1102 1750 epistola

140 1765 215 1790 non
247 1754 456 1801 reperitur,
476 1754 599 1790 verba
620 1754 824 1792 Pontifieis
845 1755 1102 1803 intelligenda

140 1809 232 1842 sunt
247 1807 293 1842 de
312 1810 471 1854 peccato
488 1807 665 1844 omnibus
686 1807 908 1845 hominibus
928 1819 1099 1845 commu-

142 1859 193 1905 ni,
223 1861 276 1896 uti
309 1860 408 1896 hacc
437 1860 557 1897 verba
587 1861 740 1898 Ioannis
770 1873 802 1899 c.
828 1861 869 1898 l:
897 1862 1002 1899 Ecce
1030 1862 1106 1909 qui

144 1914 254 1949 tollit
277 1917 497 1961 peccalum
518 1914 670 1950 mundi
686 1914 712 1950 ³.

193 1966 229 2001 3
252 1966 482 2012 It'elt'ffl'onis
502 1966 756 2003 clm-islismae
776 1968 1032 2004 incrementa
1055 1968 1100 2003 in

140 2018 400 2065 Anylz'a—ln
422 2018 566 2067 Anglia
587 2019 821 2057 christianae
846 2020 937 2057 fidei
958 2019 1103 2069 profes-

138 2072 195 2108 sio
225 2083 327 2108 nova
349 2072 591 2109 incrementa
611 2073 725 2121 cepit.
748 2074 786 2111 S.
806 2074 970 2119 Mellite,
993 2074 1099 2110 Can-

139 2125 327 2162 tuaricnsi
359 2125 664 2174 archiepiscopo,
695 2138 755 2163 an.
788 2126 865 2163 624
901 2127 1101 2171 defuncto,

135 2178 323 2214 successit
339 2189 368 2214 S.
383 2178 526 2222 Iustus,
544 2182 659 2216 antea
675 2180 877 2228 episcopus
895 2179 1102 2225 Roli'ensis,

136 2231 203 2279 qni
227 2243 249 2268 a
270 2230 473 2268 Bonifacio
496 2231 530 2268 V
553 2232 671 2280 pallio
695 2244 785 2269 cum
815 2237 1011 2282 potestate
1032 2245 1099 2268 or-

137 2284 295 2321 dinandi
327 2284 526 2333 episcopos
555 2289 728 2333 acceptu,
753 2287 976 2322 Romanum
1008 2298 1100 2322 con—

138 2337 267 2374 stituit
296 2337 518 2385 episcopum
551 2338 789 2383 Roll'cnsem,
811 2342 850 2375 ct
879 2351 940 2376 an.
962 2338 1040 2375 625
1069 2351 1099 2375 s.

143 2390 354 2427 Paulinum
389 2391 588 2428 ordinavit
619 2391 839 2440 episcopum
884 2392 1102 2428 Nerthum-

140 2444 258 2480 briac.
278 2443 433 2480 Etenim
450 2444 626 2482 Eduinus
654 2456 721 2482 rcx
740 2445 1099 2482 Nortlnunln‘orum

188 2562 195 2582 ¹
217 2563 355 2600 largior,
375 2562 514 2593 Blelion.
542 2560 636 2592 tlte‘nl.
662 2565 718 2593 art.
743 2561 1008 2599 Mulnmze'cisme;
1037 2563 1101 2592 Ma-

145 2606 239 2640 ran-ci,
257 2604 435 2634 l’rmtrom.
454 2603 605 2634 Alcomu.

184 2647 198 2666 ²
216 2647 327 2676 llaron.
345 2646 382 2676 :ul
398 2655 445 2675 an.
464 2644 565 2684 (ΤΕ-’Ἆῤ
587 2644 630 2675 16¹».

184 2688 342 2718 ³⁵vi1112sis
375 2687 551 2717 llcllarinin.
588 2686 788 2717 Controvers
822 2686 839 2716 l.
872 2687 907 2717 lV
939 2685 976 2716 tle
1010 2684 1090 2715 liam

144 2729 274 2767 l'onlil',
297 2740 322 2758 ‹·.
358 2729 400 2758 10.
437 2740 447 2754 κ
472 2729 533 2758 Vox
560 2728 611 2758 illa
643 2728 734 2758 ctiam
762 2728 787 2758 si
821 2732 950 2765 extaret,
976 2727 1099 2756 subdito

143 2770 173 2799 in
194 2771 249 2799 luc,
268 2771 309 2800 cil
337 2770 480 2799 laudatus
505 2771 652 2808 scriptur,
676 2778 755 2807 nego
779 2780 848 2799 csse
867 2769 1100 2807 reprehenden—

144 2812 223 2841 alain.
243 2811 328 2847 Quod
347 2812 425 2840 rnim
445 2811 620 2841 tinniunt-ius
638 2811 811 2841 invininvrit
834 2811 930 2840 solius
958 2810 1100 2847 origina—

143 2852 180 2882 lis.
205 2853 337 2890 pcc-caii,
360 2862 421 2881 nnn
440 2852 582 2882 ulturum
605 2850 1099 2893 peccalum,caussal'uet,‹1ui‹1

142 2897 313 2933 precatum
337 2893 495 2932 criminale
517 2896 563 2923 est
585 2894 787 2934 principale,
804 2896 834 2924 et
858 2899 996 2933 propter
1017 2890 1100 2931 quud

144 2934 317 2964 delendum
341 2934 569 2974 principaliter
595 2936 743 2965 Clu-istus
764 2938 911 2965 viorluns
943 2936 997 2965 est.
1016 2932 1100 2964 Undev

146 2977 216 3006 toan
245 2976 266 3011 Ι,
286 2977 334 3012 2¹9,
352 2977 501 3014 lrghnns:
523 2975 602 3006 Ecce
616 2979 728 3015 Aquas
758 2976 813 3007 liet
827 3001 834 3013 ‚
851 2985 921 3007 ecce
945 2976 998 3016 qui
1017 2974 1101 3004 tollet

141 3028 315 3065 peccalum
328 3024 554 3065 7111111111',g1-c‹·‹.·
570 3034 632 3054 των
649 3021 815 3070 ἁμαρτω-ι
831 3027 870 3054 τ8
886 3024 1004 3068 ario-518,
1022 3024 1103 3054 idest

142 3076 313 3113 peccalum
342 3071 423 3103 illud
450 3072 572 3110 mutuli,
597 3074 654 3102 hnc:
679 3078 725 3103 vsi
748 3076 907 3112 peccatum
937 3072 1100 3111 originale,

144 3115 226 3153 qnod
245 3114 343 3144 solnm
360 3118 407 3144 cst
424 3123 586 3144 commune
604 3115 655 3144 tuti
675 3115 797 3144 mundo.
812 3111 886 3145 Nam
901 3115 1024 3153 plurimi
1039 3113 1102 3144 nul-

143 3155 205 3187 lnni
230 3156 311 3185 :iliud
336 3156 461 3194 halwnt,
479 3158 507 3185 ut
525 3164 631 3186 onmes
656 3157 741 3194 pueri
760 3167 786 3186 ».

677 101 838 128 EPOCHA
867 101 906 128 V.
935 100 963 126 A
991 100 1358 131 PSEVDOPROPHETA
1386 105 1586 132 MAHOMET

1145 180 1307 206 uxorem
1325 170 1494 208 duxerat
1505 170 1606 219 piam
1618 171 2104 221 EdilbergamAEadebaldi

1143 222 1250 270 regis
1283 222 1410 259 Cantii
1445 234 1619 260 sororem
1632 253 1642 270 ,
1662 225 1773 262 cuius
1807 225 1978 263 consiliis
2011 229 2051 263 et
2073 237 2104 264 s.

1147 274 1303 312 Paulini
1323 275 1649 314 instructionibus
1670 289 1901 326 persuasus,
1921 279 2106 317 christia-

1146 338 1237 364 nam
1257 328 1374 365 fidem
1396 329 1579 378 suscepit,
1599 333 1639 366 et
1659 342 1720 367 an.
1740 331 1818 368 627
1842 332 1881 368 in
1903 330 2001 369 festo
2022 332 2106 369 Pa-

1146 380 1291 418 schatis
1315 394 1395 419 una
1414 394 1503 419 cum
1524 382 1634 430 regni
1655 383 1882 431 proceribus
1903 387 1943 421 et
1964 396 2106 431 magno

1147 434 1281 481 populi
1302 447 1468 472 numero
1489 435 1707 483 baptizatus
1728 439 1798 474 est..
1820 437 2016 474 Honorius
2034 438 2105 485 Pp.

1146 497 1178 522 s.
1201 486 1428 534 Paulinum,
1449 488 1558 525 cuius
1574 500 1692 536 opera
1706 489 1951 538 potissimum
1965 489 2107 527 effecta

1145 538 1222 576 fuit
1238 540 1603 578 Northumbrorum
1621 542 1838 588 conversio,
1855 542 2108 591 archiepisco-

1145 604 1239 640 pum
1258 593 1548 631 Eboracensem
1564 594 1717 632 creavit
1731 598 1771 632 et
1785 595 1946 644 pallium
1964 595 2000 632 ei
2016 607 2107 633 con-

1145 645 1274 683 cessit.

1200 699 1381 737 Eduinus
1398 712 1468 737 rex
1484 713 1557 737 non
1572 702 1730 738 tantum
1743 701 2107 750 praeclaramopem

1145 752 1236 790 tulit
1255 764 1284 790 s.
1316 753 1487 790 Paulino
1507 754 1544 790 in
1568 754 1821 802 propaganda
1840 754 1951 800 Fide,
1969 754 2038 792 sed
2059 767 2105 792 e-

1145 804 1240 841 tiam
1271 806 1492 854 Carpualdo
1524 807 1763 855 Estangliae,
1785 819 1850 844 seu
1888 807 2107 856 Anglorum

1145 855 1398 896 orientalium
1420 859 1530 908 regi,
1551 860 1790 897 christianae
1811 860 2013 908 religionis
2033 873 2104 898 ve-

1145 911 1301 948 ritatem
1325 913 1534 960 persuasit.
1557 913 1707 950 Verum
1729 913 1975 962 Carpualdus
1994 914 2106 951 brevi

1146 968 1230 1013 post
1268 968 1490 1014 susceptam
1524 965 1659 1002 Fidem
1704 967 1854 1004 occisus
1897 969 1968 1004 est.
2011 967 2108 1004 Post

1144 1018 1345 1055 biennium
1366 1017 1478 1068 (629)
1502 1030 1664 1067 regnum
1684 1019 1910 1068 Estangliae
1925 1031 2107 1057 consecu-

1144 1073 1210 1108 tus
1230 1074 1290 1108 est
1309 1071 1516 1120 Sigbertus
1536 1072 1746 1120 Carpualdi
1768 1072 1902 1110 frater.
1925 1072 1999 1110 Hic
2028 1072 2106 1110 ali-

1145 1125 1318 1172 quandiu
1339 1125 1377 1161 in
1409 1124 1540 1162 Gallia
1571 1124 1675 1170 exul,
1695 1125 1841 1162 ibidem
1872 1137 1894 1162 a
1914 1138 1944 1163 s.
1972 1125 2107 1163 Felice

1146 1177 1365 1226 baptizatus
1385 1177 1525 1224 fuerat3
1547 1179 1594 1215 ad
1615 1178 1756 1215 solium
1776 1178 2003 1227 Estangliae
2023 1191 2108 1216 eve-

1145 1233 1243 1277 ctus,
1275 1231 1524 1279 Religionem
1545 1231 1801 1269 christianam
1819 1243 1889 1280 per
1903 1233 2029 1269 totum
2052 1243 2108 1269 re-

1145 1296 1261 1332 gnum
1298 1296 1413 1321 suum
1458 1285 1750 1333 propagandam
1793 1284 1951 1322 curavit
1988 1296 2108 1333 opera

1146 1337 1318 1374 eiusdem
1341 1349 1370 1375 s.
1392 1337 1547 1384 Felicis,
1579 1349 1695 1386 quem
1716 1338 1915 1376 Honorius
1935 1338 2108 1376 Cantua-

1145 1391 1284 1427 riensis
1306 1390 1635 1440 archiepiscopus,
1657 1403 1685 1429 s.
1712 1391 1811 1429 Iusti
1831 1403 2048 1438 successor,
2068 1391 2107 1428 in

1146 1444 1392 1492 Estangliam
1415 1445 1636 1493 episcopum
1658 1444 1940 1482 destinaverat.

1199 1499 1274 1534 An.
1295 1497 1374 1534 635
1392 1499 1515 1534 etiam
1535 1497 1796 1535 occidentales
1812 1497 1991 1536 Saxones
2011 1498 2110 1535 chri-

1145 1550 1312 1587 stianam
1334 1550 1450 1587 fidem
1474 1554 1744 1600 susceperunt,
1761 1551 2015 1599 praedicante
2031 1551 2109 1588 illis

1149 1604 1313 1640 verbum
1334 1604 1403 1640 Dei
1427 1604 1601 1641 s.Birino
1619 1604 1811 1653 episcopo.
1825 1604 1899 1642 Hic
1916 1606 1964 1641 ab
1977 1605 2109 1642 Hono-

1145 1656 1203 1693 rio
1227 1657 1295 1705 Pp.
1309 1657 1356 1693 ad
1375 1656 1563 1694 infedeles
1579 1657 1747 1705 Angliae
1768 1657 1916 1696 incolas
1936 1658 2109 1696 destina-

1145 1714 1228 1755 tus,
1252 1710 1361 1746 venit
1382 1710 1421 1747 in
1444 1722 1614 1759 regnum
1631 1711 1899 1757 KVestsaxiae,
1915 1723 1983 1748 seu
2000 1711 2108 1748 occi-

1147 1763 1364 1801 dentalium
1379 1763 1597 1809 Saxonum,
1609 1763 1855 1812 Cynigilsum
1872 1775 2007 1813 regem
2025 1776 2109 1802 ma-

1145 1828 1342 1864 gnamque
1357 1817 1491 1865 populi
1510 1821 1662 1865 partem
1675 1819 1722 1854 ad
1736 1817 1874 1854 Fidem
1889 1817 2108 1864 convertit3

1145 1870 1279 1906 sedem
1305 1870 1563 1919 episcopalem
1591 1870 1794 1908 constituit
1815 1871 2007 1908 Dorcinae
2036 1882 2106 1908 seu

1147 1923 1410 1969 Dorcestriae,
1439 1925 1479 1960 et
1511 1923 1696 1961 ecclesias
1732 1924 1878 1961 multas
1911 1923 2106 1962 fundavit.

1198 1977 1242 2012 In
1270 1988 1391 2025 regno
1421 1976 1745 2023 Northumbriae,
1775 1989 1838 2014 an.
1868 1977 1970 2023 633,
1999 1976 2107 2014 chri-

1146 2029 1275 2067 stiana
1295 2030 1432 2078 religio
1453 2030 1491 2066 in
1514 2030 1732 2067 maximum
1757 2029 1965 2067 discrimen
1991 2030 2110 2068 addu-

1144 2085 1207 2120 cta
1227 2088 1296 2121 est.
1318 2083 1519 2120 Cedwalla
1540 2083 1645 2120 enim
1663 2095 1730 2120 rex
1750 2084 1973 2129 Britonum,
1990 2083 2110 2120 nomi-

1147 2148 1193 2172 ne
1227 2137 1293 2174 sed
1327 2149 1401 2173 non
1440 2137 1521 2173 vita
1556 2137 1820 2183 christianus,
1853 2148 1942 2174 cum
1973 2136 2111 2174 Penda

1147 2189 1383 2226 Mcreiorum
1423 2201 1515 2237 rege
1551 2201 1702 2238 pagano
1737 2193 1874 2227 contra
1911 2189 2108 2227 Eduinum

1147 2254 1277 2291 regem
1296 2243 1662 2280 Northumbrorum
1676 2243 1930 2291 conspiravit.
1948 2242 2111 2280 Conscr-

1144 2300 1183 2332 to
1206 2296 1350 2344 praelio
1374 2295 1548 2332 Edninus
1565 2295 1722 2333 occisus
1737 2301 1810 2341 est,
1826 2296 1865 2333 in
1883 2295 2109 2344 Mcnologio

1143 2349 1247 2385 Flori
1271 2352 1311 2385 et
1331 2348 1575 2385 Calendariis
1597 2349 1819 2397 anglicanis
1842 2348 2034 2397 martyris
2053 2348 2108 2386 ti-

1145 2402 1224 2439 tulo
1246 2402 1472 2439 honoratus.
1497 2403 1680 2448 Regnum
1708 2402 1794 2439 cius
1816 2402 1918 2439 inter·
1937 2413 1978 2439 se
2000 2401 2108 2438 divi-

1143 2459 1280 2493 serunt
1299 2454 1458 2492 Osricus
1483 2457 1524 2491 et
1552 2455 1786 2500 Eansridns,
1806 2455 1874 2504 qui
1905 2466 1947 2493 se
1969 2454 2108 2503 priscis

1143 2508 1390 2546 idololatriac
1419 2508 1600 2545 sordibus
1633 2509 1871 2556 polluerunt.
1894 2507 1933 2546 S.
1963 2507 2106 2545 Pauli-

1144 2574 1216 2599 nus
1247 2561 1562 2609 arehiepiscopus
1598 2561 1854 2599 Eboracensis
1875 2572 1965 2598 cum
1996 2560 2108 2598 Edit-

1143 2616 1264 2663 borga
1285 2614 1422 2661 regina
1443 2614 1563 2651 vidua
1585 2613 1685 2662 sugit
1706 2615 1744 2651 in
1774 2625 1944 2663 regnum
1965 2613 2107 2660 Cantii,

1146 2668 1206 2705 ubi
1227 2667 1434 2705 ecclesiam
1458 2667 1696 2713 Rotl'enscm,
1713 2668 1821 2705 obitu
1845 2667 2010 2704 Romani
2035 2678 2108 2704 va-

1142 2724 1316 2765 cantem,
1339 2720 1688 2758 administrandam
1713 2721 1897 2769 suscepit..
1931 2722 2005 2758 An.
2026 2720 2105 2758 634

1143 2775 1303 2812 Osi-icus
1324 2777 1363 2810 et
1386 2773 1597 2811 Eanfridus
1619 2787 1642 2811 a
1663 2773 1877 2818 (Jeclxvalla,
1902 2784 1994 2821 rege
2016 2773 2107 2810 Bri-

1146 2831 1295 2872 tonum,
1314 2826 1510 2863 interfecti
1529 2831 1631 2864 sunt.
1652 2827 1794 2864 Eodem
1816 2839 1918 2864 anno
1940 2826 2023 2874 pius
2043 2825 2111 2863 Os-

1144 2881 1310 2924 waldus,
1329 2879 1469 2917 liduini
1493 2892 1624 2928 nepos,
1641 2892 1730 2917 cum
1751 2880 1895 2927 exiguo
1917 2879 2107 2924 exercitu,

1144 2934 1208 2970 sed
1231 2934 1388 2970 divinae
1407 2933 1469 2981 opi
1487 2934 1669 2978 conlisus,
1686 2933 1924 2971 Ccdwallam
1942 2932 2107 2981 eiusque

1144 2987 1274 3035 copias
1295 2986 1459 3032 delevit,
1483 2989 1522 3023 et
1545 2999 1664 3035 regno
1686 2985 1995 3024 Nortliunibriae
2016 2984 2112 3034 poti·

1145 3044 1207 3077 tus
1229 3043 1299 3076 est.
1324 3039 1380 3076 Aa
1405 3040 1694 3088 propagandam
1719 3051 1786 3087 per
1805 3049 1959 3076 omnem
1989 3037 2109 3075 ditio-

1145 3105 1231 3130 ncm
1252 3105 1364 3129 snam
1390 3092 1636 3141 Religionem
1659 3091 1926 3137 christianam,
1942 3090 2109 3129 s.Aida-

1146 3158 1236 3183 num
1260 3146 1485 3195 episcopum
1515 3158 1536 3183 c
1564 3145 1719 3193 Scotia,
1747 3145 1786 3182 in
1817 3156 1895 3194 qua
1913 3144 1995 3194 ipse
2015 3143 2108 3182 olim
