2241 3473
252 136 331 174 260

904 143 1062 169 ΕΡΟΟΗΑ
1090 142 1146 169 VI.
1171 142 1200 168 A
1227 142 1383 170 CAROLO
1422 143 1468 170 M.

200 212 350 262 prande
369 209 623 248 Cremonensi
640 208 828 256 episcopis
848 208 1018 244 Romam
1039 206 1162 244 remi-
1205 207 1317 245 Fidei
1338 208 1620 256 propagatione
1637 208 1744 246 inter
1762 210 1925 258 populos
1943 209 2102 256 Simos,
2122 209 2169 247 ut

203 266 264 304 sit.
291 265 387 301 Post
410 274 543 299 eorum
578 261 618 298 in
636 261 784 298 Urbem
809 260 1039 305 adventum,
1062 271 1163 296 com-

203 317 315 355 muni
335 315 495 352 consilio
512 326 574 351 an.
593 313 670 351 965
687 314 736 350 ad
756 324 950 351 summum
968 312 1166 361 pontifica-

202 374 287 407 tum
309 371 470 405 evectus
500 366 575 403 fuit
604 366 771 403 Ioannes
791 366 912 411 XIII,
936 361 1165 411 Romanus,

202 423 404 471 episcopus
416 418 701 464 Narniensis,et
712 419 864 456 calend.
886 418 1049 463 octobr.,
1061 417 1167 454 Otto-

202 487 251 512 ne
272 473 524 517 assentiente,
546 471 821 520 inauguratus,
837 471 913 508 Hic
933 470 1046 508 initio
1066 482 1166 518 pon-

203 527 374 564 tificatus
402 525 460 561 sui
492 535 701 572 procerum
732 525 1004 561 Romanorum
1033 523 1165 560 odium

202 578 383 622 incurrit,
405 577 507 625 quod
528 576 681 614 elatiori
702 577 832 614 animo
853 588 919 614 eos
938 577 1094 624 regeret
1114 578 1167 621 et,

201 630 369 670 factione
390 630 495 667 facta
514 641 537 666 a
558 629 748 667 Rotfredo
765 629 883 667 Urbis
904 628 1165 677 praefecto,in

202 683 454 731 Campaniam
475 681 678 731 relegatus
704 683 789 728 fuit,
805 682 870 719 ubi
892 693 915 718 a
936 681 1167 730 Pandulpho

201 738 384 785 Capuano
405 735 577 784 principe
597 735 814 773 liberaliter
833 734 989 771 habitus
1015 736 1086 772 est.
1109 735 1167 771 Ab

202 790 285 838 ipso
305 791 482 837 rogatus,
498 790 594 824 tunc
610 788 778 836 primum
794 788 833 824 in
849 787 982 824 eadem
1005 787 1167 824 civitate

203 841 585 890 archiepiscopatum
615 841 840 886 constituit,
862 842 1087 877 consecrato
1115 839 1167 876 ibi

202 895 360 940 Ioanne,
370 893 492 931 fratre
505 894 680 931 eiusdem
696 893 891 942 principis,
903 892 1167 941 archiepisco-

201 960 249 996 po
272 945 294 985 ¹.
326 947 482 984 Interea
513 946 606 983 Otto
634 946 688 984 M.
721 958 814 983 mox
856 946 894 982 in
927 945 1083 983 Italiam
1119 946 1167 982 ad

202 1000 496 1038 restituendum
512 999 748 1036 Pontificem
770 999 954 1048 dignitati
973 998 1168 1048 pristinae

202 1052 400 1102 profectus
417 1056 484 1091 est.
506 1053 675 1090 Romani
705 1052 790 1089 eius
819 1052 993 1089 adventu
1015 1053 1169 1100 perter-

161 1100 168 1106 ’
205 1106 292 1151 riti,
322 1106 509 1143 Ioannem
538 1105 636 1142 XIII
665 1105 704 1141 in
727 1105 877 1142 Urbem
914 1106 1166 1142 revocarunt.

201 1159 488 1196 Verumtamen
508 1159 735 1206 imperator,
757 1160 801 1194 ut
822 1158 1023 1203 Romanis,
1042 1170 1089 1194 ne
1112 1159 1168 1194 ta-

205 1211 261 1249 lia
289 1211 474 1261 deinceps
504 1211 717 1257 auderent,
739 1211 1019 1248 documentum
1041 1211 1167 1256 daret,

206 1264 434 1314 praecipuos
453 1264 653 1302 seditionis
669 1267 847 1301 auctores
864 1264 991 1312 eapite
1013 1264 1170 1301 damna—

207 1317 275 1355 vit.
305 1318 378 1356 An.
399 1318 477 1355 966
505 1318 723 1366 imperator
750 1328 838 1354 cum
870 1316 1063 1354 Pontifice
1085 1317 1168 1353 Pa-

207 1371 301 1408 scha
321 1370 539 1408 celebravit
559 1371 791 1417 Ravennae,
810 1370 874 1408 ubi
894 1369 1062 1419 plurium
1083 1369 1168 1418 epi-

205 1434 413 1472 scoporum
433 1435 482 1460 ex
502 1423 618 1460 Italia
638 1426 677 1460 et
697 1423 909 1461 Germania
930 1424 1065 1460 coacta
1093 1434 1164 1471 sy-

206 1476 306 1513 nodo
319 1505 328 1522 ,
367 1476 478 1513 varia
515 1475 729 1514 constituta
767 1479 862 1513 sunt
899 1487 968 1524 pro
999 1475 1170 1513 utilitate

205 1529 417 1574 Ecclesiae;
438 1529 653 1576 imperator
669 1529 853 1566 Pontifici
873 1529 1009 1566 urbem
1030 1531 1069 1565 et
1088 1530 1169 1565 ter-

205 1593 291 1619 ram
310 1581 603 1619 Ravennatium
624 1581 776 1629 aliaque
793 1611 803 1627 ,
825 1583 1027 1619 Romanae
1048 1581 1170 1618 eccle—

206 1633 286 1672 siae
306 1635 354 1672 ab
374 1634 551 1672 hostibus
571 1634 716 1680 ablata,
736 1635 922 1680 restituit,
944 1646 1014 1671 seu
1037 1634 1167 1682 potius

206 1687 498 1725 restitutionem
519 1687 599 1725 iam
620 1691 739 1725 antea
759 1687 903 1725 factam
924 1717 933 1734 ,
957 1687 1168 1724 confirma-

206 1741 276 1778 vit.
312 1741 461 1778 Eodem
499 1753 600 1778 anno
629 1740 669 1777 in
699 1740 834 1778 Natali
865 1740 1021 1778 Domini
1058 1740 1168 1777 Pon-

205 1793 304 1831 tifex
325 1793 519 1831 iuniorem
549 1794 748 1839 Ottonem,
770 1793 1014 1842 imperatoris
1043 1793 1168 1830 filium

211 1849 251 1884 et
280 1858 412 1896 regem
432 1847 670 1884 Germaniae
684 1877 693 1892 ,
713 1846 877 1884 solemni
904 1846 982 1883 ritu
1003 1858 1169 1884 corona-

210 1899 268 1937 vit
288 1899 441 1949 imperii
463 1902 683 1937 consortem
698 1899 957 1941 ².—Quidam
977 1899 1168 1946 referunt,

209 1953 395 1990 Ioannem
417 1953 589 1990 omnium
611 1953 780 2002 primum
803 1953 1083 1990 Lateranensis
1100 1953 1169 1990 Ec-

209 2005 350 2043 clesiae
370 2017 602 2054 campanam
622 2006 743 2044 saeris
768 2006 1001 2043 ceremoniis
1030 2018 1168 2043 conse-

209 2069 361 2103 crasse,
382 2059 550 2106 indeque
573 2070 717 2096 morem
741 2071 832 2096 eum
854 2061 1029 2108 posteros
1051 2071 1166 2096 acce-

208 2112 320 2160 pisse.
342 2111 431 2149 Non
461 2112 585 2162 infimi
604 2114 739 2150 tamen
759 2112 935 2150 subsellii
959 2112 1169 2161 scriptores

208 2165 386 2211 edocent,
407 2176 613 2214 campanas
632 2168 724 2202 ante
744 2165 931 2202 Ioannem
951 2165 1169 2202 consecrari

207 2220 365 2267 coeptas
385 2216 577 2255 ³.—Idem
594 2218 777 2255 Pontifex
798 2218 988 2256 sollicitus
1016 2218 1091 2255 fuit
1119 2218 1167 2255 de

252 2367 261 2389 ¹
280 2368 340 2398 Leo
356 2367 525 2405 Ostiensis,
546 2366 665 2398 Chron.
685 2367 787 2399 Cas-in.
805 2368 826 2400 l.
841 2368 878 2406 11,
896 2378 920 2398 c.
944 2367 995 2406 103
1012 2368 1167 2408 Sigonius,

213 2410 336 2442 Hister.
350 2407 472 2444 Italiae,
489 2407 509 2438 1.
527 2409 561 2439 ΙΙ.

253 2451 268 2472 2
286 2451 398 2481 Bai-on.
414 2452 443 2479 et
460 2450 546 2488 Pagi,
564 2449 603 2479 ad
619 2458 667 2480 an.
685 2449 813 2481 965-67.

254 2493 268 2513 3
284 2492 379 2528 Bona,
403 2489 475 2522 fler.
499 2490 658 2530 Liturqic.
675 2491 692 2521 l.
718 2492 739 2527 1,
763 2501 788 2522 c.
814 2490 864 2529 ⁶22,
889 2490 903 2532 Ξ,
929 2492 1085 2529 7;R0eca
1101 2516 1107 2529 ‚
1125 2492 1169 2524 De

214 2532 394 2572 cainpanis,
419 2542 444 2563 c.
463 2531 501 2569 63
518 2532 696 2563 Edmundus
714 2534 852 2563 Martene
865 2558 872 2571 ,
891 2532 933 2563 De
949 2533 1089 2573 antiqui-s·
1106 2533 1167 2565 Ee-

216 2574 334 2606 etesiae
357 2573 488 2610 rilibm,
512 2574 532 2605 Ι.
557 2573 596 2611 ΙΙ,
621 2583 646 2604 c.
663 2573 719 2611 2'l;
739 2575 925 2604 Benedictus
942 2574 1016 2610 XlV,
1035 2574 1167 2606 Institu-

219 2616 297 2647 tion.
313 2614 362 2652 -17,
379 2614 394 2654 Ξ
412 2614 443 2646 t.
456 2615 543 2645 Ritus
558 2623 630 2645 vero
648 2616 854 2646 consecrandi
873 2624 1043 2654 campanas
1061 2615 1167 2657 Impli-

215 2665 304 2687 smus
321 2656 415 2695 vulgo
433 2656 618 2693 ‹licitur,non
636 2656 719 2696 quod
737 2665 768 2686 re
783 2665 856 2687 vera
873 2665 1043 2695 campanae
1062 2659 1167 2697 bapti—

215 2702 323 2728 zentur
346 2706 381 2727 co
398 2698 563 2736 baptismo,
581 2697 631 2736 qui
650 2697 808 2728 confertur
824 2698 853 2728 in
870 2698 1085 2728 remissionem
1101 2709 1169 2738 pec-

217 2742 367 2775 catorum,
385 2742 415 2768 ut
429 2739 571 2777 garriunt
589 2738 786 2774 heterodoxi,
806 2738 862 2769 sed
886 2739 967 2778 quod
987 2740 1015 2769 in
1033 2739 1071 2770 iis
1094 2749 1168 2770 eon·
1190 2739 1191 2742 ’

217 2780 378 2810 sperandis
396 2779 604 2811 adhibeantur
619 2780 814 2810 ceremoniae
833 2781 1040 2819 praecipuae,
1058 2782 1085 2811 in
1111 2782 1169 2811 ail-
1190 2797 1193 2814 ⁴.

218 2821 441 2851 ministratione
469 2821 663 2851 sacramenti
687 2821 835 2860 Baptlsmi
869 2821 1010 2851 adhiberi
1042 2823 1168 2860 solitae,

217 2862 332 2892 ablutio
347 2862 497 2899 nimirum,
512 2863 767 2897 uncli0,nominis
781 2862 991 2902 impositio.ln
1011 2862 1079 2902 ipsu
1096 2872 1169 2893 vero
1192 2862 1193 2891 l

215 2903 474 2947 consecratione,
491 2903 599 2948 scribit
616 2904 726 2948 liena,
750 2912 879 2949 notitiae
900 2904 1038 2934 alicuius
1060 2904 1171 2935 Smimi
1192 2903 1193 2908 ’

216 2952 375 2984 campana
395 2947 658 2982 ιηςιῑ]ηε1τιν,ςινε
674 2947 709 2975 ut
722 2954 739 2975 α
753 2947 866 2976 ceteris
882 2946 1017 2984 proprio
1042 2947 1171 2976 nomine
1192 2951 1193 2955 ’

217 2984 455 3023 (tistinqmtlur,
479 2986 543 3014 siva
558 2986 635 3025 qvia
650 2985 691 3016 ad
705 2987 858 3026 pietatem
875 2986 980 3025 mauis
995 2986 1171 3017 conducere

219 3026 370 3056 arbitrati
386 3029 461 3056 sunt
476 3026 577 3065 primi
595 3027 691 3057 liuius
709 3027 792 3057 ritm-
809 3027 1010 3058 institutores
1023 3052 1030 3062 ,
1051 3028 1078 3058 si
1096 3037 1169 3059 vnce
1192 3024 1194 3054 Γ

218 3068 356 3097 alicuius
372 3066 482 3097 Sancti
498 3067 586 3107 plebs
602 3067 642 3098 cul
659 3067 835 3099 [iceles-iam
853 3069 1027 3100 convocari
1049 3068 1172 3101 dicere-

221 3110 281 3138 tur.
300 3109 384 3145 Quod
402 3108 560 3149 colligitur
574 3118 610 3139 ex
627 3119 651 3139 c.
671 3110 681 3139 1
697 3109 709 3140 t
728 3109 847 3141 (jaemcil.
866 3109 1067 3141 (Jnlnnienxis
1084 3110 1171 3147 1536,

219 3150 299 3186 apwl
318 3149 430 3185 Lalilie,
450 3148 570 3180 (juncis.
589 3154 608 3181 t.
625 3150 697 3180 XIV.
713 3152 750 3181 tls
763 3152 872 3181 Ilaron.
893 3152 931 3180 ml
947 3160 994 3182 an.
1012 3151 1168 3193 968‚}93;

220 3190 394 3220 llellarniin.
413 3190 456 3221 lle
475 3190 562 3221 iloni.
581 3191 712 3229 Pontis„
728 3192 746 3222 l.
766 3192 811 3229 lV,
829 3202 854 3229 e,
876 3192 919 3222 12.

1207 272 1298 297 mox
1314 260 1546 298 videbimus.
1567 261 1748 298 Praefuit
1764 262 1962 299 Ecclesiae
1979 274 2102 311 usque
2117 263 2172 299 ad·

1208 324 1354 350 annum
1373 313 1470 350 972:
1491 313 1590 350 obiit
1609 313 1701 350 vm⁰
1721 313 1809 351 idus
1829 315 2061 363 septembris
2083 312 2108 351 ¹.

1260 365 1324 402 98.
1359 366 1593 413 Reliyz'omk
1629 366 1887 404 christianae
1920 377 2171 416 progressus

1208 418 1324 466 apud
1344 418 1489 455 slavos
1502 440 1550 444 -
1569 419 1628 456 Ad
1648 419 1759 464 haec,
1787 419 1927 468 religio
1955 419 2172 456 christiana

1209 471 1455 508 incrementa
1467 482 1612 519 magna
1626 471 1730 520 cepit
1739 470 1844 508 inter
1858 471 2022 520 populos
2031 472 2171 509 Slavos

1210 523 1447 560 Germaniae
1477 523 1807 572 septentrionalis.
1829 523 1911 560 Iam
1940 526 2070 561 aetate
2090 525 2170 562 Ca-

1210 576 1283 612 roli
1302 575 1355 613 M.
1369 576 1470 624 apud
1490 576 1649 622 Sorbos,
1663 576 1769 613 inter
1784 575 1896 613 Salas
1911 579 1951 613 et
1965 577 2095 613 Albim
2115 588 2172 614 se-

1210 629 1360 672 dentes,
1377 640 1471 676 quos
1497 628 1564 665 ille
1585 629 1790 674 divicerat,
1810 630 1948 666 coetus
1968 629 2172 666 christiani

1210 681 1370 718 formati
1406 680 1566 718 fuerant
1602 693 1672 729 per
1705 681 1791 718 loca
1822 681 1974 718 munita
1987 710 1998 728 ,
2027 681 2174 719 colonis

1212 733 1420 771 Germanis
1439 733 1608 780 tradita3
1639 734 1708 771 sed
1736 733 1841 770 inter
1868 734 2076 783 indigenas
2103 745 2173 772 seu

1211 786 1338 823 tribus
1359 786 1515 832 Slavas,
1528 787 1664 835 iugum
1684 787 1971 824 Germanorum
1984 786 2171 824 continuo

1212 841 1399 876 excutere
1429 841 1644 885 tentantes,
1662 839 1759 876 fides
1788 839 2003 877 christiana
2031 850 2174 888 parum

1213 891 1443 940 profecerat.
1469 892 1666 929 Henricus
1688 892 1719 939 I,
1737 903 1810 929 rex
1831 891 2082 939 Germaniae,
2107 903 2172 930 eos

1212 945 1368 993 penitus
1389 944 1557 994 subegit.
1772 970 1775 973 -

1264 997 1355 1034 Otto
1375 996 1428 1034 M.
1445 1009 1506 1034 an.
1523 997 1601 1035 936
1618 997 1777 1034 Henrici
1799 1008 2013 1043 successor,
2029 997 2174 1034 Sorbos

1214 1050 1416 1087 universos
1437 1051 1485 1087 ad
1507 1050 1765 1088 christianam
1786 1050 2018 1099 religionem
2045 1049 2173 1087 addu-

1213 1114 1300 1140 cere
1331 1104 1493 1140 conatus
1514 1106 1584 1149 est,
1605 1105 1645 1141 et
1664 1103 1703 1140 in
1724 1104 1827 1140 hunc
1847 1104 1964 1140 finem
1986 1103 2091 1151 apud
2110 1114 2176 1140 eos

1214 1158 1294 1193 tres
1324 1155 1506 1193 fundavit
1526 1157 1774 1205 episcopatus
1788 1186 1797 1201 ,
1818 1167 1957 1204 nempe
1975 1155 2172 1201 Misnien-

1212 1207 1683 1257 sem,Merseburgensem
1698 1211 1737 1246 et
1752 1208 2174 1246 Zizinianum.Pariter

1214 1262 1316 1310 apud
1335 1261 1489 1307 Slavos,
1511 1262 1614 1298 inter
1633 1262 1765 1300 Albim
1784 1264 1824 1299 et
1842 1261 2039 1299 Viadrum
2057 1261 2174 1298 habi-

1214 1316 1362 1359 tantes,
1386 1326 1481 1362 quos
1510 1317 1689 1352 recenter
1718 1315 2025 1363 subiugaverat,
2046 1313 2178 1351 erexit

1212 1367 1460 1416 episcopatus
1473 1367 2179 1417 Havelbergensem‚Brandeburgen-

1213 1432 1294 1457 sem
1315 1422 1354 1457 et
1370 1420 1738 1469 Altenburgensem.
1754 1422 1972 1458 Praeterea
1987 1432 2048 1457 an.
2061 1419 2140 1457 968
2155 1431 2177 1457 e

1213 1473 1373 1510 consilio
1387 1473 1540 1510 Ioannis
1557 1475 1626 1522 Pp.
1645 1473 1745 1511 XIII
1760 1473 2020 1522 Magdeburgi
2040 1472 2179 1510 funda-

1214 1526 1272 1563 vit
1292 1526 1425 1562 sedem
1441 1526 1825 1574 archiepiscopalem,
1838 1526 1899 1563 cui
1910 1526 1935 1564 5
1951 1526 2100 1574 priores
2115 1537 2175 1562 su-

1212 1590 1284 1628 pra
1304 1578 1528 1616 nominatae
1549 1579 1660 1616 sedes
1681 1579 1921 1628 episcopales
1946 1578 2175 1616 subordina-

1212 1635 1277 1669 tae
1305 1634 1396 1668 sunt
1417 1645 1426 1677 ;
1456 1632 1786 1680 Altenburgensis
1821 1643 1916 1670 vero
1946 1631 2177 1669 subiacebat

1215 1684 1664 1733 arehiepiscopoHambu
1673 1684 1975 1734 rgensi.Primus
1986 1683 2178 1733 archiepi-

1214 1749 1354 1786 scopus
1374 1737 1727 1787 Magdeburgensis
1757 1738 1835 1775 fuit
1861 1750 1894 1776 s.
1920 1737 2180 1783 Adalbertus,

1214 1802 1328 1839 quem
1350 1790 1514 1828 Ioannes
1534 1791 1633 1828 XIII
1652 1791 1774 1840 pallio
1794 1791 2004 1828 honoravit
2023 1792 2063 1829 et
2077 1801 2178 1839 gen-

1214 1843 1264 1881 tis
1275 1843 1486 1881 Slavorum
1498 1844 1791 1892 metropolitam
1813 1841 2180 1885 constituit².Quum

1213 1900 1344 1934 tamen
1362 1896 1427 1934 isti
1446 1897 1578 1946 populi
1595 1909 1683 1934 cum
1699 1897 1790 1946 iugo
1805 1895 2039 1934 Germanico
2055 1896 2180 1945 ipsam

1214 1949 1444 1999 religionem
1465 1950 1723 1988 christianam
1753 1950 1920 1988 abiicere
1954 1962 2030 1987 non
2058 1948 2180 1987 semel

1214 2003 1473 2048 tentaverint,
1495 2015 1570 2040 non
1594 2004 1666 2040 nisi
1688 2005 1776 2052 post
1803 2003 1964 2052 longum
1983 2013 2179 2040 annorum

1213 2056 1384 2105 spatium
1405 2056 1627 2094 idololatria
1646 2056 1750 2094 inter
1779 2067 1844 2094 eos
1874 2056 2028 2105 penitus
2048 2054 2175 2093 extir-

1215 2111 1307 2158 pata
1328 2108 1412 2146 fuit.

1267 2161 1317 2199 In
1351 2163 1554 2199 Bohemia
1567 2162 1670 2198 —In
1693 2161 1881 2199 Bohemia
1901 2162 1974 2199 sub
1994 2160 2173 2198 Boleslao

1215 2215 1265 2260 II,
1291 2215 1356 2263 qui
1383 2226 1445 2252 an.
1463 2214 1540 2252 967
1558 2214 1734 2252 Boleslao
1755 2215 1857 2263 patri
1878 2226 1950 2252 suo
1970 2214 2009 2251 in
2030 2215 2176 2252 ducatu

1213 2267 1414 2313 successit,
1431 2267 1569 2316 religio
1587 2267 1802 2305 christiana
1821 2269 2029 2316 tantopere
2058 2268 2176 2304 aucta

1212 2323 1292 2365 est,
1315 2322 1359 2357 ut
1386 2320 1599 2357 idolatrum
1629 2320 1758 2357 cultus
1787 2320 1908 2358 fuerit
1938 2320 2174 2369 extirpatus.

1213 2373 1418 2410 Boleslaus
1435 2373 1472 2410 II
1489 2384 1511 2409 a
1529 2373 1673 2410 Ioanne
1690 2373 1760 2422 Pp.
1778 2374 1833 2410 III
1849 2375 2083 2411 consecutus
2099 2373 2173 2418 est,

1215 2430 1257 2463 ut
1269 2426 1469 2470 Bohemia,
1480 2425 1618 2463 hacten
1626 2437 1669 2463 us
1682 2426 1719 2463 in
1734 2426 2004 2475 spiritualibus
2015 2425 2174 2463 subdita

1212 2479 1390 2528 episcopo
1414 2478 1705 2524 Ratisbonensi,
1728 2479 1926 2528 proprium
1947 2479 2173 2528 episcopum

1254 2619 1262 2639 ¹
1281 2618 1466 2649 Franciscus
1484 2618 1825 2657 l‘agius(inVital1uius
1844 2616 2114 2659 Pontificis,t.11‚g
2130 2616 2180 2657 16)

1213 2660 1319 2690 scribit
1337 2663 1406 2689 ante
1424 2660 1566 2689 loannem
1583 2660 1645 2690 xlll
1664 2669 1723 2691 non
1737 2660 1903 2698 invenisse,
1921 2659 2112 2691 Pontificalia
2128 2667 2178 2690 or-

1215 2705 1358 2731 namenta
1387 2700 1558 2730 Abbatibus
1581 2700 1674 2731 fnisse
1699 2710 1864 2732 concessa.
1882 2701 1942 2732 Sed
1970 2701 2177 2738 Mabillonius,

1215 2742 1361 2779 (l’racsat.
1380 2745 1459 2779 part.
1475 2741 1483 2770 Ι
1505 2742 1532 2771 in
1550 2750 1632 2772 saec.
1650 2741 1688 2773 ΓΙ
1701 2742 1864 2773 Benedict.
1882 2742 1898 2783 ἕ
1915 2742 1945 2781 4)
1961 2743 2108 2773 observat
2125 2749 2175 2771 an.

1213 2783 1274 2813 trit)
1297 2783 1523 2812 Theodericum
1550 2783 1722 2814 Metensem
1750 2785 1919 2816 antistitem
1935 2793 1954 2814 a
1973 2783 2092 2814 Ioanne
2109 2781 2177 2812 xul

1215 2823 1400 2859 obtinuisse,
1418 2828 1448 2853 nt
1466 2823 1570 2853 Atinas
1588 2834 1612 2854 s.
1633 2825 1782 2856 Vincentii
1803 2825 1948 2857 metensis
1967 2823 2135 2854 dalmatica
2149 2826 2179 2854 et

1216 2865 1364 2894 sandaliis
1382 2865 1700 2896 uteretur...l‘0ntilice
1718 2867 1819 2897 Leone
1837 2867 1875 2897 {x
1893 2865 2054 2896 Richarius
2073 2863 2179 2894 abhas

1216 2905 1396 2936 casinensis
1415 2907 1541 2935 Romam
1560 2907 1733 2944 profectus,
1750 2908 1788 2938 ab
1805 2916 1842 2938 eo
1858 2908 1950 2945 (teste
1970 2904 2090 2939 Chron.
2114 2904 2179 2936 Ca-

1215 2946 1336 2977 sinr‘mi
1359 2946 1376 2976 l.
1391 2946 1437 2983 11,
1454 2957 1478 2976 c.
1496 2946 1560 2985 81),
1579 2947 1776 2987 privilegium
1794 2948 1941 2985 obtinuit,
1958 2947 2043 2977 iuxta
2060 2954 2177 2977 morem

1217 2988 1495 3027 praffllcecssorum
1513 2997 1652 3025 snorum,
1669 2998 1728 3029 qno
1746 2990 1825 3020 idem
1843 2989 1982 3020 Pontifex
2001 2996 2091 3018 nsum
2105 2995 2176 3017 san-

1216 3030 1368 3059 daliorum
1393 3033 1484 3068 atquc
1512 3029 1709 3066 dalmaticae,
1726 3039 1782 3061 nec
1799 3039 1858 3061 non
1875 3034 1905 3061 et
1922 3029 2173 3061 chirothecarum

1218 3071 1245 3100 in
1271 3071 1448 3108 praecipuis
1476 3071 1559 3100 testis
1585 3071 1623 3101 atl
1648 3070 1819 3102 Missarum
1850 3071 2002 3102 solemnia
2032 3073 2094 3100 tam
2110 3069 2175 3107 illi,

1216 3120 1308 3150 quam
1320 3111 1555 3141 successoribus
1567 3111 2172 3150 indulsit.Viszernai-‹lumVan-Espen,

1192 3172 1194 3176 ,
1215 3152 1304 3183 luris
1331 3150 1547 3182 &eclesiastici
1574 3153 1717 3183 universi
1733 3151 2052 3192 part.1,tn.3t,c.6.

1247 3194 1261 3214 '2
1280 3194 1391 3223 Baron.
1406 3200 1437 3223 et
1456 3193 1542 3233 Pagi,
1560 3193 1598 3223 ad
1616 3202 1668 3224 an.
1686 3193 1755 3224 967.
