2241 3473
680 139 805 170 VSQVE
833 139 885 165 An
914 137 1243 165 [ANSENISTARVM
1273 138 1454 165 ExoRDlA

117 206 443 257 Ingolstadiensis,
477 216 538 242 an.
576 203 673 242 1519
708 202 858 251 Lipsiae
895 201 1043 250 publice

115 260 338 310 disputavit.
368 259 429 296 Illi
449 258 571 295 multa
600 257 822 293 obiecerunt
849 259 985 292 contra
1004 254 1047 291 li·

114 315 250 352 berum
269 312 433 349 hominis
454 310 672 354 arbitrium,
693 308 971 359 purgatorium,
998 308 1044 345 R.

114 365 312 404 Pontificis
335 365 555 414 primatum,
586 363 849 406 traditionem,
886 362 1045 398 Patrnm

114 424 155 457 et
173 418 427 456 Conciliorum
462 417 744 455 auctoritatem.
780 415 921 451 Eckius
954 424 1046 450 vero

112 483 244 510 eorum
273 471 503 508 obiectiones
532 472 642 506 tanta
668 467 882 506 eruditione
910 466 1046 503 confu-

114 526 224 570 tavit,
245 531 287 562 ut
306 536 438 561 omnes
456 536 529 561 uno
544 535 609 560 ore
629 521 663 558 oi
684 520 888 558 victoriam
909 520 955 555 de
976 519 1047 555 ad-

115 578 294 615 versariis
314 577 621 626 gratularentur.

166 631 409 669 Convenerat
437 629 603 667 Eckium
636 628 737 663 inter
766 627 804 662 et
834 624 1046 662 Lutherum

113 686 229 732 atque
248 682 567 727 Carolostadium‚
588 683 629 716 ut
648 677 918 728 disputationis
938 676 1049 714 istius

112 737 241 774 exitus
286 736 537 774 subiiceretur
583 732 724 770 iudicio
770 731 1048 768 Universatum

113 789 369 827 Erfordiensis
396 791 435 825 et
454 785 695 824 Parisiensis.
716 784 825 825 Quae
846 787 976 820 autem
996 793 1048 818 re-

113 842 310 892 sponderit
323 840 566 879 Universitas
581 836 853 882 Erfordiensis,
869 848 942 873 non
963 847 1048 872 con-

112 898 202 933 stat.
223 894 407 933 Facultas
425 904 517 930 vero
539 890 770 928 Parisiensis
790 902 851 927 an.
875 889 972 927 1521
998 888 1051 924 111-

112 951 174 986 tra.
189 951 343 986 centum
359 944 680 995 propositiones,e
692 943 800 981 libris
813 941 975 979 Lutheri
986 953 1049 978 ex-

111 1005 275 1050 cerptas,
295 998 495 1037 damnavit
516 997 541 1035 ¹.
563 998 645 1035 Iam
665 1008 725 1033 an.
749 995 849 1033 1519
872 993 1048 1032 Faculta-

112 1058 171 1092 tes
198 1052 435 1091 Coloniensis
455 1054 494 1089 et
514 1049 767 1088 Lovaniensis
801 1048 930 1097 plures
964 1059 1049 1096 pro-

112 1105 332 1156 positiones,
348 1117 397 1143 ex
412 1104 581 1142 eiusdem
602 1101 800 1140 novatoris
821 1100 973 1149 scriptis
992 1101 1051 1138 de-

112 1163 299 1208 sumptas,
311 1159 667 1196 condemnaverant
681 1154 707 1194 2.
725 1155 817 1192 Inde
830 1155 994 1192 Lutheri
1009 1154 1049 1191 in

111 1213 286 1251 doctores
306 1211 617 1250 Universitatum
638 1209 707 1255 ira,
728 1208 875 1245 invidia
893 1211 933 1246 et
953 1220 1047 1246 con-

114 1265 224 1303 vicia.

164 1319 360 1356 Lutherus
379 1317 552 1363 audiens,
573 1315 787 1354 doctrinam
807 1326 919 1352 suam
939 1314 1049 1352 brevi

112 1372 160 1410 ab
180 1371 401 1421 Apostolica
433 1371 533 1408 Sede
565 1369 825 1407 damnandam
857 1380 942 1405 esse
960 1398 969 1414 ‚
1000 1369 1047 1405 ad

112 1425 290 1463 Carolum
310 1425 347 1462 V
365 1424 430 1473 qui
451 1436 512 1461 an.
535 1423 636 1462 1516
656 1421 902 1459 Ferdinando
923 1421 962 1458 in
982 1433 1049 1458 re-

111 1490 186 1527 guo
207 1478 430 1527 Hispaniae,
449 1480 488 1514 et
507 1488 568 1514 an.
592 1475 692 1513 1519
719 1474 990 1512 Maximiliano
1010 1474 1049 1511 in

112 1532 275 1580 imperio
307 1531 490 1568 suffectus
524 1529 677 1574 fuerat,
713 1530 830 1576 atque
859 1528 908 1565 ad
937 1527 1049 1564 nobi-

111 1585 165 1622 les
187 1584 352 1622 nationis
372 1583 628 1621 Germanicae
653 1582 796 1619 librum
830 1581 986 1628 scripsit
1006 1582 1050 1618 de

111 1637 388 1675 reformatione
425 1636 623 1674 Ecclesiae
641 1664 651 1680 ,
688 1635 726 1671 in
767 1646 842 1681 quo
882 1634 1048 1671 Romani

112 1691 312 1728 Pontificis
329 1691 550 1739 primatum,
567 1689 738 1726 divinam
757 1687 953 1724 Ecclesiae
973 1687 1049 1724 hie-

112 1744 318 1789 rarchiam,
338 1743 502 1780 Ordines
522 1742 800 1786 mendicanteS,
820 1740 1049 1778 coelibatum

113 1797 353 1841 clericorum,
374 1797 432 1833 ius
451 1795 689 1840 canonicum,
705 1794 781 1831 alia
800 1793 1049 1842 oppugnavit.

166 1851 201 1888 3.
222 1851 353 1887 Bulla
370 1850 519 1886 Leonis
547 1853 693 1886 conlra
711 1846 943 1884 Lutherum
963 1845 1049 1896 (an.

117 1902 233 1953 1520)
252 1923 300 1930 —
316 1903 387 1940 An.
411 1902 524 1947 1520,
540 1901 641 1938 xvn⁰
661 1900 841 1937 calendas
856 1899 953 1945 iulii,
972 1900 1050 1937 Leo

114 1956 152 1994 X
180 1956 474 1993 celeberrimam
505 1955 659 2007 Eullam
686 1954 856 2001 Exurye
879 1953 1051 1991 Domine

113 2009 248 2054 edidit,
267 2021 343 2057 qua
364 2009 411 2045 41
434 2007 712 2056 propositiones
728 2036 737 2052 ,
756 2018 776 2043 e
795 2006 947 2055 scriptis
966 2007 1048 2044 Lu-

115 2063 217 2100 theri
238 2065 455 2110 excerptas,
475 2064 660 2109 tanquam
689 2061 902 2108 respective
922 2060 1051 2096 haere-

115 2116 222 2161 ticas,
250 2115 520 2160 scandalosas,
548 2113 685 2159 falsas,
714 2113 865 2161 piarum
896 2113 1050 2150 aurium

115 2169 324 2206 offensivas
339 2197 348 2213 ,
369 2167 599 2216 simplicium
621 2167 809 2203 mentium
830 2166 1051 2203 seductivas

115 2224 155 2258 et
182 2222 339 2259 veritati
360 2221 574 2258 catholicae
595 2220 797 2257 obviantes
810 2249 819 2264 ,
839 2219 1051 2266 damnavit3

117 2275 246 2311 omnia
278 2274 442 2312 Lutheri
475 2274 631 2322 scripta,
665 2273 704 2309 in
741 2273 880 2321 quibus
899 2284 1051 2310 errores

118 2326 173 2363 illi
203 2330 270 2364 aut
298 2339 431 2364 eorum
461 2327 599 2375 aliquis
628 2326 941 2371 continebantur,
970 2337 1054 2374 pro-

118 2379 283 2427 scripsit3
301 2380 472 2417 Luthero
486 2379 783 2429 praedicationis
799 2379 921 2416 officio
937 2379 1053 2416 inter-

118 2432 230 2479 dixit,
249 2445 338 2470 eum
366 2432 440 2470 nisi
467 2432 571 2476 intra
598 2432 649 2470 60
677 2432 757 2469 dies
787 2443 938 2470 errores
967 2443 1054 2469 suos

118 2485 324 2530 revocarit,
344 2486 501 2534 eiusque
520 2487 729 2524 sectatores
757 2488 943 2533 tanquam
964 2486 1054 2522 hae-

118 2538 258 2576 reticos
291 2540 338 2576 ab
372 2538 548 2576 omnibus
581 2539 775 2576 habendos
808 2550 891 2576 esse
920 2538 1053 2576 decla-

119 2591 233 2630 ravit.

171 2646 206 2682 4.
228 2645 565 2682 Luclzercmorum
587 2656 830 2694 proqressus
847 2665 894 2672 —
912 2645 1056 2682 Luthe-

119 2709 185 2735 rus
197 2709 348 2735 errores
363 2709 451 2735 suos
464 2709 538 2734 non
554 2699 677 2735 solum
691 2711 765 2735 non
779 2699 980 2735 revocavit
991 2699 1054 2736 sed

119 2751 240 2797 auxit;
253 2763 354 2788 nova
363 2751 508 2799 scripta
519 2750 650 2796 edidit,
663 2751 701 2787 in
715 2751 853 2800 quibus
873 2751 985 2800 plura
997 2752 1058 2789 ad-

120 2804 197 2841 huc
217 2803 432 2842 catholicae
453 2804 651 2841 doctrinae
666 2805 794 2852 capita
814 2804 960 2851 reiecit,
979 2817 1060 2842 sae-

118 2868 164 2905 pe
184 2856 256 2894 sibi
275 2857 346 2906 ipsi
382 2856 657 2894 contradicens.
679 2857 723 2893 In
742 2857 840 2894 libro
861 2857 909 2894 de
927 2859 1059 2907 capti-

159 2950 169 2971 ¹
188 2951 219 2980 D.
237 2950 397 2990 Argentre‚
417 2948 546 2981 Collecl.
562 2946 711 2979 iudicior.
729 2952 747 2979 1.
763 2947 787 2985 Ι,
804 2957 834 2986 p.
849 2947 888 2984 11,
906 2958 933 2988 p.
952 2948 1020 2982 365.

157 2990 172 3011 2
186 2992 208 3022 Ι.
227 2992 377 3028 Latonius,
392 2990 613 3022 Articulorum
630 2988 795 3020 ‹lectrinae
810 2988 842 3020 F.
863 2989 900 3020 Μ.
921 2990 1063 3023 Lutheri

119 3041 177 3072 per
197 3032 370 3072 leeoloyos
395 3032 605 3064 Lovam'enses
628 3030 857 3062 damnatorum
875 3031 970 3069 ratio,
986 3035 1062 3064 Ant-

122 3083 208 3111 verp.
230 3073 320 3109 1521,
333 3073 428 3104 in-20.
452 3073 489 3103 Cf
508 3074 537 3103 P.
556 3073 587 3104 E.
604 3072 634 3102 F.
652 3072 685 3101 X.
705 3073 746 3102 De
763 3073 856 3109 Ram,
873 3072 1061 3113 Disquist'lio

124 3114 276 3146 historica
298 3116 336 3145 de
358 3115 397 3145 its*
420 3123 500 3155 quae
522 3115 636 3145 cantra
658 3113 835 3144 Lntherum
849 3112 1060 3147 Lovanienses

127 3155 276 3196 Theoloqi
290 3158 427 3196 eqernnt
443 3164 526 3185 αηηο
540 3153 678 3190 MDXIX,
692 3155 810 3185 Bruxel.
826 3153 915 3193 1813,
929 3156 958 3186 in
975 3156 1062 3188 Nou-

125 3205 229 3228 veaux
243 3197 412 3230 Me'moires
427 3196 465 3228 de
481 3197 503 3229 ι’
517 3196 696 3232 Academia.
713 3199 731 3226 t.
750 3197 820 3228 XVI.

1900 123 1974 161 147

1088 202 1208 238 ritate
1240 202 1517 252 Babylonica,
1550 199 1816 249 Indulgentias
1836 199 2028 245 fraudem,

1087 254 1378 303 denegationem
1413 253 1542 292 calicis
1576 252 1828 292 Eucharistici
1856 252 2026 301 impieta-

1088 310 1167 344 tem
1187 307 1298 354 dixit;
1318 308 1486 345 admissa
1506 307 1644 346 Christi
1669 305 1885 356 praesentia
1904 306 1943 342 in
1965 316 2031 353 pa-

1090 373 1134 397 ne
1168 363 1207 398 et
1241 361 1328 398 vino
1346 390 1356 406 ,
1391 360 1846 399 transubstantiationem
1875 357 2027 404 reiecit3

1091 414 1373 451 Eucharistiam
1394 426 1476 452 esse
1496 413 1725 452 sacrificium
1754 411 1926 461 negavit3
1945 423 2030 460 ope-

1092 480 1135 504 ra
1154 467 1495 516 supererogatoria
1511 497 1521 512 ,
1555 466 1754 515 speciatim
1776 470 1867 503 vota
1888 476 2026 502 mona-

1091 521 1187 558 stica
1206 520 1419 565 damnavit3
1439 520 1792 563 confirmationem,
1809 522 2027 556 extremam

1092 573 1339 618 Unctionem,
1355 573 1541 610 Ordinem
1561 576 1599 610 et
1617 571 1908 609 Matrimonium
1925 583 1945 608 e
1962 570 2028 608 Sa-

1091 629 1379 663 cramentorum
1397 637 1555 662 numero
1576 625 1730 662 delevit.
1748 625 1790 662 In
1806 624 1901 662 libro
1922 625 1968 660 de
1985 625 2027 660 li-

1092 680 1242 716 bertate
1261 679 1506 724 christiana,
1534 678 1727 715 hominem
1756 678 1838 715 sola
1866 677 1940 714 fide
1963 677 2027 713 iu-

1091 732 1249 770 stificari
1266 761 1276 778 ,
1305 733 1478 780 adeoque
1506 732 1606 768 bona
1635 742 1752 778 opera
1780 731 1828 768 ad
1856 730 2025 768 salutem

1093 786 1195 823 haud
1216 785 1432 823 necessaria
1451 796 1534 821 esse
1563 783 1702 821 docuit.
1725 784 1768 821 In
1790 783 1864 821 alio
1884 783 2029 832 scripto

1093 838 1242 888 publico
1262 851 1286 876 a
1306 837 1492 875 Pontifice
1512 841 1700 885 tanquam
1719 833 1864 873 iniusto
1884 836 2026 882 iudice,

1092 891 1321 930 antichristo
1355 893 1393 928 et
1425 903 1453 928 s.
1491 890 1717 938 Scripturae
1750 891 2028 938 contemptore,

1094 945 1320 994 provocavit
1355 945 1403 982 ad
1440 943 1623 992 generale
1663 942 1876 979 concilium.
1906 943 1950 979 In
1987 942 2030 979 li-

1093 999 1191 1036 bello
1234 999 1430 1035 adversus
1475 995 1744 1034 execrabilem
1779 996 2031 1032 Antz‘ehrz'sci

1091 1052 1258 1098 bullam,
1279 1053 1476 1088 auctorem
1497 1048 1634 1086 Bullae
1655 1049 1827 1096 Exurye
1853 1049 2030 1086 Domine

1091 1117 1296 1154 omnesque
1315 1115 1401 1142 eam
1421 1103 1678 1152 approbantes
1699 1101 1946 1138 antichristos
1966 1112 2028 1137 vo-

1090 1159 1196 1196 cavit
1214 1162 1253 1197 et
1272 1164 1431 1195 satanae
1463 1155 1634 1194 tradidit.
1669 1154 1892 1192 Vindictam
1920 1166 2031 1192 suam

1093 1212 1205 1261 plane
1234 1211 1514 1255 exsatiaturus,
1534 1209 1605 1246 sub
1633 1207 1752 1245 finem
1782 1219 1844 1244 an.
1877 1207 1979 1244 1520
2008 1219 2031 1244 a

1092 1265 1224 1303 multis
1244 1265 1466 1303 litterarum
1488 1261 1670 1300 studiosis
1690 1260 1872 1309 stipatus,
1892 1272 2032 1309 corpus

1091 1319 1187 1356 iuris
1206 1317 1381 1357 canonici
1410 1328 1497 1353 cum
1518 1314 1633 1352 Bulla
1661 1313 1860 1363 pontificia
1883 1316 1921 1350 et
1943 1325 2033 1350 non-

1092 1372 1209 1410 nullis
1229 1370 1538 1409 adversariorum
1558 1367 1712 1416 scriptis
1732 1367 1770 1404 in
1790 1378 1947 1415 rogum,
1967 1378 2033 1403 an-

1091 1428 1128 1462 te
1140 1425 1292 1463 moenia
1303 1420 1684 1470 W'irtembergensia
1698 1424 1935 1467 extructum,
1944 1431 2028 1457 con-

1090 1479 1193 1516 iecit.

1143 1532 1222 1570 Leo
1250 1532 1289 1569 X
1317 1530 1356 1568 in
1387 1540 1488 1566 nova
1513 1527 1620 1566 bulla
1649 1527 1768 1564 Decet
1795 1528 2032 1565 Romanum

1093 1586 1347 1634 Pontificem,
1365 1584 1457 1621 data
1474 1581 1536 1619 111⁰
1551 1593 1638 1618 non.
1658 1578 1735 1618 ian.
1748 1580 1864 1627 1521,
1880 1580 2031 1617 Luthe-

1093 1651 1176 1676 rum
1204 1639 1362 1686 eiusque
1391 1635 1556 1674 asseclas
1584 1635 1623 1671 et
1651 1635 1887 1682 protectores
1908 1633 2029 1670 decla-

1093 1692 1196 1729 ravit
1214 1689 1569 1729 excommunicatos
1590 1690 1704 1736 atque
1723 1686 1932 1724 incurrisse
1947 1698 2031 1735 poe-

1094 1757 1161 1782 nas
1181 1748 1315 1782 contra
1334 1741 1550 1780 haereticos
1569 1740 1809 1778 constitutas.

1144 1798 1304 1835 Carolus
1322 1797 1372 1842 V,
1382 1807 1481 1833 anno
1500 1794 1613 1840 1521,
1626 1793 1837 1830 Lutherum
1850 1793 1897 1830 ad
1918 1793 2031 1830 comi-

1091 1851 1148 1888 tia
1168 1848 1477 1889 VVormatiensia
1505 1847 1673 1892 vocavit,
1698 1847 1789 1883 data
1817 1846 1852 1883 ei
1872 1846 1947 1883 fide
1967 1858 2032 1894 pu-

1092 1904 1192 1942 blica
1211 1916 1280 1942 seu
1299 1901 1638 1940 salvo-conducto.
1660 1901 1836 1937 Aderant
1849 1899 1928 1936 illic
1942 1911 2031 1935 cum

1093 1958 1325 2008 imperatore
1346 1957 1493 2004 septem
1522 1954 1727 1997 electores,
1747 1952 1937 2000 multique
1956 1952 2031 1989 du-

1094 2023 1169 2056 ces,
1188 2009 1432 2048 marchiones
1447 2011 1486 2045 et
1501 2006 1677 2056 episcopi.
1703 2006 1896 2043 Lutherus
1917 2005 1954 2042 in
1975 2017 2034 2042 co-

1095 2064 1212 2102 mitiis
1231 2064 1508 2111 interrogatus,
1529 2073 1577 2098 an
1603 2059 1740 2105 libros,
1770 2058 1853 2095 eius
1882 2058 2032 2095 nomine

1094 2118 1230 2163 editos,
1249 2117 1377 2165 reipsa
1395 2114 1621 2164 scripsisset,
1636 2115 1674 2150 et
1688 2125 1736 2150 an
1756 2123 1908 2149 errores
1927 2112 1965 2148 in
1986 2111 2032 2147 iis

1095 2173 1295 2208 contentos
1313 2180 1500 2207 revocare
1520 2167 1650 2213 vellet,
1669 2166 1715 2203 ad
1736 2166 1903 2214 priorem
1923 2177 2035 2213 quae-

1093 2225 1258 2262 stionem
1290 2221 1522 2267 affirmavit,
1556 2220 1604 2257 ad
1624 2218 1870 2268 posteriorem
1893 2220 1978 2266 post
1997 2230 2032 2254 o-

1094 2278 1193 2316 tium
1213 2275 1483 2314 deliberationi
1512 2284 1740 2311 concessum
1759 2270 1973 2320 respondit,
1993 2283 2032 2308 se

1096 2332 1149 2368 nil
1169 2332 1457 2374 revocaturum,
1479 2327 1550 2365 nisi
1571 2325 1684 2364 claris
1704 2324 1928 2373 Scripturae
1948 2335 2033 2360 ver-

1095 2384 1151 2422 bis
1172 2385 1240 2421 aut
1259 2382 1374 2420 certis
1393 2379 1605 2419 ratiociniis
1624 2378 1765 2416 erroris
1786 2378 2032 2414 convincere-

1095 2441 1173 2475 tur.
1194 2437 1290 2474 Cum
1309 2436 1431 2484 igitur
1449 2433 1538 2471 huic
1559 2430 1807 2470 declarationi
1827 2429 2030 2479 pervicaci-

1097 2494 1158 2529 ter
1176 2490 1411 2532 inhaereret,
1432 2490 1471 2525 et
1488 2486 1526 2524 in
1549 2485 1710 2534 privatis
1730 2495 1818 2521 cum
1838 2482 2033 2520 nonnullis

1098 2542 1334 2594 principibus
1372 2539 1570 2589 colloquiis
1609 2542 1687 2576 tam
1726 2535 1878 2585 imperii
1916 2547 2032 2584 quam

1098 2596 1250 2636 concilii
1270 2594 1466 2645 generalis
1486 2591 1718 2630 sententiam
1734 2591 1947 2635 recusaret,
1966 2588 2033 2625 im-

1099 2653 1256 2701 perator
1275 2648 1409 2694 edixit,
1426 2650 1468 2685 ut
1483 2646 1677 2684 Lutherus
1693 2644 1740 2680 ab
1757 2642 1932 2680 omnibus
1952 2643 2033 2679 tan-

1101 2715 1214 2753 quam
1234 2701 1502 2740 schismaticus
1522 2702 1561 2736 et
1579 2696 1797 2735 haereticus
1811 2695 2032 2741 haberetur,

1100 2759 1150 2802 et,
1161 2755 1370 2794 transactis
1385 2752 1542 2802 reliquis
1552 2751 1600 2789 21
1615 2750 1745 2787 diebus
1754 2748 2033 2786 salvo-condu-

1102 2817 1163 2849 cto
1183 2809 1352 2855 statutis,
1373 2809 1411 2845 in
1431 2818 1520 2843 eum
1540 2806 1654 2853 prout
1682 2801 1919 2840 haereticum
1940 2813 2031 2850 pro-

1102 2864 1302 2902 cederetur
1318 2892 1327 2908 ,
1363 2860 1501 2908 ubique
1536 2855 1913 2906 deprehenderetur3
1949 2854 2033 2891 eius

1104 2920 1234 2954 autem
1253 2912 1343 2952 libri
1366 2910 1508 2960 ubique
1527 2910 1862 2948 comburerentur.
1879 2907 2034 2944 Elector

1102 2969 1331 3013 Saxonicus,
1351 2979 1397 3004 ne
1418 2965 1507 3014 quid
1526 2961 1686 3012 periculi
1712 2961 1882 2999 Luthero
1910 2960 2033 2998 obtin-

1103 3028 1226 3072 geret,
1244 3033 1332 3059 eum
1352 3021 1390 3056 in
1411 3029 1499 3055 arce
1525 3028 1595 3054 sua
1614 3015 1858 3063 Wartbourg
1876 3014 2032 3062 paucis-

1103 3076 1208 3114 simis
1236 3076 1369 3111 notum
1398 3069 1581 3109 custodiri
1609 3069 1761 3106 curavit
1782 3066 1806 3105 ¹.

1119 3135 1349 3189 Tcochiaeus,
1369 3149 1541 3183 Commeat.
1560 3149 1597 3181 de
1611 3149 1696 3181 aclis
1716 3151 1747 3180 et
1769 3148 1898 3188 seriptis
1914 3147 2033 3180 [11ιίὴο-

1104 3196 1150 3235 n';
1165 3194 1359 3233 pallavicino‚
1372 3192 1461 3224 Ister.
1477 3191 1529 3223 del
1546 3190 1665 3225 Concil.
1683 3190 1716 3222 cli
1737 3190 1862 3229 Trento,
1879 3190 1898 3221 Ι.
1916 3192 1943 3229 1;
1960 3189 2033 3221 Au-

1813 3243 1827 3257 ὰ
