2241 3473
710 151 836 181 VSQVE
866 150 918 176 Ab
947 150 1222 177 INNOCENTIVM
1251 151 1304 178 111.

35 234 136 268 nem,
164 221 290 259 morte
320 216 497 266 coniugis
526 227 622 253 suae
660 215 836 266 Sybillae
868 214 1007 264 regiisi

37 274 188 313 iuribus
210 271 423 320 privatum,
443 273 482 307 et
502 269 722 306 Conradum
740 269 837 318 Tyri
857 268 983 306 domi·
1004 259 1007 314 ξ

37 338 130 365 num
151 324 309 363 dissidia
331 322 551 372 periculosa
577 322 623 359 de
644 321 750 369 regio
772 322 925 359 nomine
947 323 986 357 et
1005 319 1007 377 ζ

37 381 182 419 honore
211 382 344 415 essent
373 375 557 413 excitata.
580 375 795 422 Postquam
817 373 984 411 Guidoui

38 433 125 471 iura
156 430 264 478 regia
294 429 460 466 fuissent
489 426 719 464 confirmata
749 438 795 464 ea
823 426 922 474 lege,
945 428 1009 462 ut·

38 486 124 534 post
143 484 226 521 eius
254 485 417 519 mortem
441 479 727 517 transferentur
756 480 803 516 ad
835 479 986 516 Conra-

37 537 130 575 dum
153 535 342 583 huiusque
373 532 561 571 haeredes
575 561 584 577 ,
604 531 813 568 Christiani
843 530 987 567 bellum
1008 535 1009 555 l

39 591 175 627 contra
186 588 337 625 Turcas
354 586 544 635 prosecuti
561 587 665 629 sunt,
677 587 716 621 et
731 583 794 620 ιιιο
806 583 892 620 idus
907 583 986 619 iulii

44 641 143 680 1191
182 639 464 678 Ptolemaidem
503 639 757 685 occuparunt.
797 636 989 672 Posthaec
1008 639 1010 642 ’

40 694 244 743 Philippus
268 704 335 730 rex
353 690 518 734 Galliae,
538 690 673 727 morbo
704 693 821 736 atque
841 688 990 725 invidia

41 747 82 784 in
112 758 246 796 regern
277 744 440 793 angliae
470 744 696 790 correptus,
726 741 764 778 in
795 742 1011 788 Europam*

40 811 241 849 regressus
266 801 339 841 est,
362 796 410 834 10
429 794 599 832 millibus
621 795 793 831 virorum
814 794 886 831 sub
908 793 991 830 Hu-

40 864 140 902 gone
169 850 418 899 Burgundiae
448 848 547 885 duce
576 847 614 884 in
641 846 868 884 Palaestina
897 846 991 882 reli-

41 905 126 943 ctis,
148 903 367 941 Richardus
395 913 464 938 rex
493 899 656 949 Angliae
685 899 827 937 bellum
857 901 994 936 contra

42 957 269 995 Saladinum
295 955 391 992 mira
413 966 501 992 cum
518 952 746 990 fortitudine
763 954 993 1000 prosecutus

43 1013 115 1055 est,
135 1009 266 1058 plures
287 1006 470 1045 victorias
489 1007 535 1043 de
555 1004 730 1042 hostibus
745 1004 895 1050 retulit3
913 1004 994 1052 Iop-

45 1074 118 1110 pen
139 1064 180 1100 et
198 1061 297 1099 alias
317 1060 468 1107 aliquot
484 1057 731 1096 Palaestinae
748 1059 862 1095 urbes
882 1069 993 1094 occu-

44 1114 168 1164 pavit,
188 1116 418 1160 tantumque
436 1121 628 1150 terrorem
648 1110 830 1148 Saladino
846 1109 993 1153 intulit,

45 1170 89 1205 ut
117 1167 179 1204 hic
207 1165 382 1204 inducias
413 1164 631 1214 postularit.
662 1163 737 1201 Sed
758 1163 993 1206 Richardus,

44 1225 129 1257 tum
151 1222 310 1268 propter
331 1218 591 1255 dissensiones
611 1217 783 1265 ipsorum
801 1215 992 1253 Christia-

44 1283 184 1310 norum
204 1277 286 1309 tum
310 1274 466 1319 propter
495 1269 786 1314 commotiones,
808 1281 830 1305 a
850 1269 993 1305 Ioanne

46 1325 170 1363 fratre
190 1336 259 1362 suo
278 1323 317 1360 in
333 1324 479 1371 Anglia
495 1323 701 1366 excitatas,
713 1334 773 1359 an.
793 1321 894 1359 1192
910 1332 995 1357 con-

44 1377 173 1416 silium
195 1376 383 1413 redeundi
400 1376 438 1412 in
456 1376 653 1424 Europam
670 1375 770 1419 iniit,
789 1377 994 1423 postquam

45 1441 132 1468 cum
153 1429 337 1467 Saladino
352 1429 528 1467 inducias
545 1429 569 1466 3
586 1439 776 1465 annorum
793 1429 832 1464 et
847 1427 871 1464 8
893 1438 994 1463 men-

47 1483 147 1522 sium
168 1482 391 1531 pepigisset,
413 1482 522 1531 regni
545 1480 892 1529 Hierosolymitani
909 1479 996 1516 reli-

45 1535 158 1584 quias
179 1546 201 1571 e
222 1546 430 1583 procerum
451 1534 623 1578 consilio,
643 1534 820 1571 extincto
841 1533 993 1570 Conra-

47 1589 108 1634 do,
131 1587 358 1625 contulisset
387 1587 555 1624 Henrico
586 1586 718 1623 comiti
748 1585 997 1633 Campaniae,

47 1643 86 1679 et
101 1640 329 1685 Gnidonem,
347 1641 538 1687 quondam
558 1638 919 1687 Hierosolymorum
942 1649 998 1674 re-

49 1705 149 1743 gem,
177 1693 442 1730 constituisset
471 1704 601 1741 regem
631 1692 761 1740 Cypri.
792 1691 997 1728 Saladinus

48 1751 179 1784 autem
195 1745 306 1783 brevi
324 1749 408 1793 post
424 1745 530 1790 obiit,
545 1744 716 1793 ortisque
732 1745 832 1781 inter
847 1744 998 1780 Turcas

48 1798 218 1837 dissidiis
239 1801 279 1836 et
306 1797 420 1835 bellis
448 1797 682 1841 domesticis,
704 1795 915 1834 Christiani
938 1798 998 1832 ut-

49 1863 215 1899 cumque
235 1863 298 1888 res
318 1862 407 1887 suas
427 1852 766 1888 conservaverunt
787 1848 812 1886 ¹.

100 1904 163 1941 61.
190 1904 225 1940 T
223 1905 509 1941 eutom‘corum
529 1908 567 1939 et
588 1903 661 1940 SS.
688 1902 909 1939 Trinitatis
934 1902 999 1938 Or-

48 1957 164 1994 dines
180 1979 232 1984 —
249 1956 374 1993 Huius
395 1957 591 1992 cruciatae
609 1954 869 2004 expeditionis
885 1966 997 1991 occa-

48 2009 154 2047 sione
175 2021 236 2046 an.
270 2008 371 2046 1190
401 2020 524 2045 novus
545 2008 649 2045 Ordo
682 2006 997 2055 religioso-mili-

48 2062 148 2099 taris
166 2062 206 2098 in
224 2061 453 2099 Palaestina
481 2060 683 2098 institutus
705 2060 792 2106 fuit,
814 2059 997 2096 nimirum

48 2114 225 2164 equitum
245 2114 563 2151 Teutonicorum.
585 2113 740 2150 Ordinis
757 2113 872 2150 huius
891 2112 996 2149 soda-

48 2167 104 2205 les
122 2168 160 2204 in
181 2167 207 2205 3
227 2167 370 2205 classes
387 2167 582 2203 distributi
597 2168 722 2210 erant,
738 2166 915 2214 equitum
931 2165 994 2213 qui

50 2231 122 2269 pro
142 2220 289 2257 Terrae
309 2222 467 2257 sanctae
488 2222 527 2257 et
540 2218 756 2268 Religionis
776 2218 996 2255 defensione

49 2272 302 2318 dimicarent,
330 2273 574 2310 sacerdotum
606 2272 672 2320 qui
711 2283 792 2308 rem
824 2271 995 2308 divinam

48 2324 378 2370 administrarent,
398 2327 437 2362 et
457 2325 627 2362 fratrum
648 2325 711 2372 qui
731 2323 905 2361 infirmos
925 2336 994 2360 cu-

49 2380 194 2415 rarent.
216 2377 353 2415 Prima
373 2377 529 2415 Ordinis
558 2378 696 2414 domus
716 2389 803 2414 cum
825 2376 996 2414 oratorio

48 2432 88 2467 et
114 2430 351 2467 xenodochio
380 2433 562 2467 extructa
590 2434 648 2468 est
676 2430 715 2466 in
747 2430 838 2467 urbe
858 2429 995 2466 Ptole-

48 2482 187 2520 maide.
209 2484 280 2520 An.
312 2482 413 2520 1192
442 2482 687 2520 Coelestinus
708 2483 778 2530 Pp.
801 2482 857 2519 ΙΙΙ
878 2481 994 2518 Ordi-

48 2547 138 2572 nem
159 2534 391 2583 approbavit
419 2535 490 2571 sub
511 2535 626 2572 titulo
647 2535 824 2582 equitum
845 2534 995 2571 Teuto-

46 2587 223 2625 nicorum
244 2588 287 2624 B.
319 2587 365 2624 V.
399 2588 466 2632 M„
486 2588 575 2634 quia
603 2599 625 2623 a
654 2588 748 2624 viris
768 2587 995 2625 Teutonicis

47 2640 120 2678 sub
150 2640 365 2689 patrocinio
385 2639 428 2676 B.
450 2638 597 2677 Mariae
625 2639 830 2677 institutus
854 2639 996 2686 fuerat3

48 2693 85 2730 ei
104 2695 248 2730 cuncta
273 2691 477 2741 privilegia
507 2693 683 2740 equitum
716 2692 997 2741 Hospitalario-

46 2757 135 2784 rum
156 2748 195 2783 et
212 2744 523 2793 Templariorum
541 2745 745 2790 concessit,
762 2746 924 2793 eiusque
942 2758 997 2782 so·

49 2798 201 2836 dalibus
230 2800 360 2835 vestes
389 2797 498 2834 albas
527 2809 644 2834 cruce
683 2797 794 2846 nigra
824 2797 998 2846 signatas

49 2850 167 2889 dedit.
186 2850 303 2896 Ordo,
316 2850 425 2887 cuius
443 2849 591 2897 primus
606 2850 794 2899 magister
809 2849 884 2887 fuit
901 2850 1001 2887 Hen-

49 2904 151 2944 ricus
171 2902 346 2952 XValpot,
368 2915 391 2940 a
406 2902 674 2948 Pontificibus,
698 2902 1000 2950 imperatoribus

49 2956 90 2995 et
108 2956 268 3005 regibus
297 2955 568 2999 confirmatus,
599 2955 828 3004 privilegiis,
849 2955 999 2993 viribus

49 3010 90 3046 et
108 3008 419 3056 possessionibus
441 3019 677 3057 magnopere
694 3009 829 3045 auctus
844 3009 902 3044 est
917 3006 947 3045 ².

90 3080 101 3100 ¹
120 3080 271 3110 Baronius
289 3083 315 3110 et
334 3080 418 3119 Pagi,
435 3079 472 3109 ad
498 3087 545 3108 an.
573 3077 728 3110 1188-92:
752 3077 906 3113 Mic-haud,
923 3076 1000 3108 Hist.
1022 3085 1025 3103 ι

49 3119 103 3150 des
118 3120 288 3158 croisades,
308 3121 373 3150 1.]1.

91 3161 105 3182 ²
121 3161 154 3191 R.
173 3162 280 3200 Duelli,
298 3161 438 3192 Historia
457 3159 586 3193 Ordittis
602 3160 753 3200 Equilum
771 3159 902 3190 Teuton.
917 3159 1004 3189 Vien-

50 3210 108 3232 nae
132 3200 209 3232 1727
227 3202 256 3232 in
275 3203 340 3240 1'ol.;
360 3203 479 3242 Halym,
496 3201 576 3234 lust.
595 3201 649 3232 cles
668 3199 784 3233 Ordres
801 3199 895 3239 reliq.
915 3203 933 3230 ῑ.
950 3198 1005 3230 Ill.

1872 133 1920 169 47

1079 219 1209 261 Quum
1227 219 1358 256 autem
1371 215 1571 254 occasione
1587 213 1776 252 bellorum
1792 213 1976 251 Christia-

1027 284 1095 310 nos
1116 273 1220 309 inter
1248 274 1288 308 et
1317 268 1495 307 infideles
1524 268 1561 305 in
1585 267 1771 315 Hispania
1799 268 1917 315 atque
1937 266 1977 303 in

1028 325 1187 363 Oriente
1209 324 1363 361 illorum
1386 321 1496 359 multi
1520 321 1558 358 in
1576 320 1741 357 hostium
1761 331 1901 357 manus
1918 331 1979 356 ve-

1006 409 1007 418 ,
1030 379 1188 422 nissent,
1210 377 1248 414 in
1265 377 1363 413 dura
1381 378 1420 412 et
1436 373 1652 423 periculosa
1668 372 1897 421 captivitate
1912 384 1978 421 ge-

1029 432 1203 475 merent,
1233 441 1294 466 an.
1329 428 1430 466 1198
1464 438 1531 475 pro
1551 437 1684 463 eorum
1715 424 1979 474 redemptione

1008 484 1009 529 j
1030 483 1232 520 institutus
1250 481 1321 519 fuit
1333 481 1434 518 Ordo
1451 491 1500 517 ss.
1517 478 1736 516 Trinitatis.
1753 476 1878 516 Primi
1895 478 1980 515 eius

1030 538 1210 572 auctores
1239 534 1346 571 fuere
1385 533 1550 570 Ioannes
1580 532 1627 568 de
1655 531 1791 568 Matha
1810 561 1819 576 ,
1847 541 1980 568 sacrae

1008 619 1010 627 .
1030 587 1248 625 Facultatis
1279 584 1511 623 Parisiensis
1541 584 1676 622 doctor
1696 586 1736 621 et
1758 585 1979 632 presbyter,

1029 643 1068 677 et
1098 639 1208 677 Felix
1239 639 1433 682 Valesius,
1463 634 1628 674 celebris
1658 637 1833 674 eremita.
1856 636 1980 673 Ambo

1031 692 1187 730 coelesti
1210 691 1356 728 visione
1376 689 1517 738 angeli,
1539 689 1634 726 duos
1651 690 1826 738 captivos
1845 691 1980 726 tenen-

1031 746 1108 789 tis,
1141 745 1188 782 ad
1219 743 1465 781 redimendos
1499 754 1519 779 e
1549 744 1741 790 potestate
1770 741 1982 779 infidelium

1031 798 1270 835 Christianos
1285 795 1466 838 excitati,
1495 806 1556 832 an.
1580 794 1681 832 1197
1701 795 1867 832 Romam
1888 805 1980 842 pro-

1033 851 1122 888 fecti
1142 852 1245 894 sunt,
1263 851 1304 886 ut
1325 860 1412 886 cum
1434 846 1625 884 Pontifice
1645 858 1689 883 ea
1710 847 1755 884 de
1776 858 1816 884 re
1836 846 1983 884 confer-

1033 906 1132 940 rent.
1150 902 1401 940 Innocentius
1416 900 1484 945 ΙΙΙ,
1498 899 1564 947 qui
1580 902 1672 936 tunc
1688 899 1876 949 temporis
1891 911 1985 947 pon·

1032 956 1226 993 tificatum
1256 955 1438 1003 gerebat,
1469 952 1553 1001 pari
1586 951 1735 989 visione
1776 952 1984 995 excitatus,

1032 1020 1166 1046 corum
1197 1006 1402 1045 consilium
1424 1006 1471 1043 de
1492 1005 1728 1042 instituendo
1749 1005 1893 1042 Ordine
1913 1004 1985 1042 sub

1032 1062 1145 1099 titulo
1165 1073 1214 1098 ss.
1236 1059 1444 1097 Trinitatis
1462 1059 1508 1095 de
1529 1057 1797 1105 redemptione
1814 1057 1985 1105 captivo-

1033 1126 1122 1150 rum
1142 1115 1271 1150 ratum
1303 1112 1452 1156 habuit,
1472 1111 1554 1148 eius
1582 1110 1756 1159 regulam
1787 1111 1983 1159 approba-

1034 1167 1102 1211 vit,
1125 1170 1164 1204 et
1183 1166 1378 1204 sodalibus
1398 1166 1530 1202 vestes
1551 1163 1658 1201 albas
1679 1175 1765 1200 cum
1787 1174 1903 1199 cruce
1924 1173 1988 1198 ru·

1033 1220 1094 1257 bei
1116 1221 1156 1256 et
1175 1218 1346 1256 caerulei
1367 1214 1506 1254 coloris
1535 1216 1726 1254 concessit
1747 1227 1808 1253 an.
1833 1215 1933 1252 1198
1955 1213 1980 1251 ¹.

1035 1273 1199 1309 Ioannes
1220 1272 1266 1308 de
1288 1271 1437 1312 Matha,
1455 1270 1602 1318 primus
1631 1268 1788 1306 Ordinis
1808 1269 1985 1315 Praepo-

1034 1326 1131 1363 situs
1151 1324 1357 1373 generalis
1374 1325 1412 1361 et
1428 1323 1538 1360 Felix
1554 1321 1736 1359 Valesius
1751 1321 1791 1358 in
1813 1320 1982 1358 Galliam

1037 1379 1218 1421 reduces,
1248 1377 1350 1425 apud
1372 1375 1730 1423 Cervumfrigidum
1756 1374 1795 1411 in
1818 1372 1985 1411 dioecesi

1036 1430 1224 1469 Meldensi
1263 1429 1417 1467 Ordinis
1456 1428 1710 1465 fundamenta
1747 1427 1962 1475 posuerunt
1976 1455 1985 1471 ,

1037 1495 1204 1530 moxque
1239 1483 1369 1531 plures
1402 1481 1437 1518 ei
1472 1481 1629 1518 nomina
1668 1491 1740 1517 sua
1778 1480 1988 1516 dederunt.

1039 1536 1242 1584 Philippus
1270 1536 1470 1583 Augustus
1499 1545 1567 1570 rex
1583 1563 1592 1577 ,
1614 1544 1791 1581 proceres
1812 1534 1851 1568 et
1871 1530 1990 1568 multi

1039 1589 1128 1633 alii,
1156 1588 1347 1625 beneficio
1377 1586 1531 1624 Ordinis
1560 1586 1637 1623 fine
1666 1588 1704 1622 et
1733 1585 1803 1633 piis
1833 1584 1990 1622 Ioannis

1041 1641 1247 1690 praepositi
1277 1639 1613 1677 adhortationibus
1644 1637 1831 1685 permoti,
1859 1637 1992 1685 largas

1038 1695 1307 1742 eleemosynas
1319 1693 1583 1735 contulerunt,
1596 1691 1734 1739 quibus
1750 1690 1908 1728 Ioannis
1924 1701 1990 1726 so-

1039 1747 1087 1784 cii
1121 1747 1197 1784 iam
1237 1758 1296 1783 an.
1329 1745 1430 1783 1199
1465 1743 1504 1782 in
1535 1743 1780 1781 Marochium
1810 1741 1986 1790 profecti,

1039 1799 1121 1837 fere
1141 1799 1218 1836 ‘200
1239 1798 1415 1846 captivos
1437 1798 1707 1842 redemerunt,
1730 1796 1831 1833 sicut
1851 1797 1890 1832 et
1909 1794 1990 1842 ipse

1041 1853 1205 1889 Ioannes
1226 1851 1422 1888 Tunetum
1445 1851 1502 1887 bis
1519 1849 1730 1895 profectus,
1753 1849 1857 1885 ultra
1877 1847 1953 1884 100
1968 1859 1989 1884 e

1037 1904 1268 1950 captivitate
1288 1903 1484 1940 liberavit.
1506 1903 1586 1939 Vix
1607 1902 1681 1939 dici
1701 1903 1828 1949 potest
1844 1901 1992 1948 quanta

1041 1957 1239 1994 celeritate
1261 1956 1365 1993 Ordo
1394 1968 1460 2004 per
1489 1955 1650 2000 Gallias,
1679 1954 1855 2001 aliasque
1875 1952 1990 1990 Occi-

1041 2010 1167 2047 dentis
1197 2009 1374 2057 regiones
1404 2009 1644 2056 propagatus
1659 2007 1791 2052 fuerit,
1812 2008 1850 2043 et
1870 2017 1987 2054 quam

1041 2063 1242 2110 praeclare
1264 2062 1310 2099 de
1326 2061 1636 2099 Christianorum
1657 2060 1901 2109 captivorum
1925 2069 1987 2095 re-

1041 2115 1263 2163 demptione
1285 2115 1476 2151 meruerit
1496 2113 1522 2151 ².

1092 2168 1154 2206 62.
1172 2168 1424 2205 Caelestinus
1433 2166 1506 2204 III
1512 2167 1711 2214 Pontifex
1726 2164 1806 2213 (cm.
1821 2162 1992 2211 1191)—

1041 2222 1251 2268 Postquam
1265 2221 1442 2258 Clemens
1456 2221 1525 2267 Pp.
1539 2219 1596 2257 ΙΙΙ
1610 2217 1725 2255 morti
1739 2216 1798 2254 1v⁰
1811 2215 1992 2254 calendas

1040 2273 1172 2322 aprilis
1195 2273 1293 2310 1191
1312 2273 1567 2314 occubuisset,
1580 2271 1628 2308 ad
1647 2281 1845 2308 summum
1868 2279 1991 2306 sacer-

1040 2327 1189 2364 dotium
1207 2326 1352 2363 electus
1381 2325 1457 2362 fuit
1486 2323 1747 2374 Hyacinthus,
1776 2324 1992 2363 Romanus,

1039 2379 1224 2417 diaconus
1254 2378 1482 2422 cardinalis,
1509 2377 1576 2424 qui
1605 2377 1676 2413 sub
1706 2373 1912 2413 Caelestini
1934 2373 1991 2410 ΙΙΙ

1042 2432 1194 2469 nomine
1222 2430 1345 2469 xv111⁰
1365 2430 1437 2468 cal.
1468 2431 1590 2467 maias
1619 2427 1781 2466 solemni
1814 2426 1991 2464 Paschae

1039 2485 1099 2522 die
1119 2484 1304 2522 Pontifex
1326 2485 1578 2521 consecratus
1599 2480 1626 2527 ³,
1649 2479 1834 2529 postridie
1853 2478 1991 2516 Henri-

1039 2550 1126 2575 cum
1142 2538 1206 2582 VI,
1226 2536 1459 2574 Germaniae
1470 2537 1636 2584 Regem,
1653 2532 1897 2571 consecravit
1912 2531 1992 2568 Im-

1080 2630 1090 2651 ¹
1109 2629 1206 2670 Epist.
1223 2628 1295 2663 481.
1312 2629 1330 2658 Ι,
1349 2626 1447 2658 1.—²
1472 2629 1501 2656 Α.
1527 2627 1670 2663 lilii-aens,
1690 2623 1838 2664 Oriqines
1854 2624 1990 2654 monast.

1041 2672 1057 2701 l.
1083 2672 1105 2709 l,
1128 2680 1153 2701 c.
1170 2669 1204 2705 8;
1223 2670 1344 2708 Helyot,
1362 2667 1420 2698 loc.
1438 2668 1485 2698 cit.
1507 2673 1524 2697 t.
1543 2668 1579 2698 II.

1080 2712 1094 2733 3
1109 2712 1236 2742 Cencius
1260 2710 1297 2740 de
1313 2708 1454 2744 Sabellis,
1470 2708 1632 2737 Caelestini
1649 2707 1691 2737 ΙΙΙ
1709 2705 1927 2740 cubicularius,
1942 2704 1987 2734 ri-

1040 2756 1101 2784 tum
1119 2752 1277 2783 electionis
1294 2754 1323 2781 et
1340 2749 1584 2780 consecrationis
1609 2747 1785 2778 pontificiae
1809 2745 1839 2775 id
1863 2748 1988 2781 tempo-

1041 2795 1085 2824 ris
1103 2794 1220 2824 servari
1238 2787 1361 2822 solitum
1378 2789 1535 2824 describit,
1560 2793 1590 2818 ut
1607 2789 1710 2818 videre
1727 2790 1775 2818 est
1791 2786 1871 2826 apud
1887 2785 1992 2816 Mabil-

1042 2836 1167 2870 lonium,
1185 2833 1306 2864 Musaei
1322 2830 1428 2862 Italici
1444 2834 1461 2860 t.
1481 2831 1513 2860 ll.
1532 2831 1602 2867 Ipse
1620 2830 1755 2868 loquitur
1772 2828 1809 2858 de
1825 2827 1899 2858 sede
1914 2828 1991 2857 ster-

1043 2875 1186 2911 coraria3
1211 2883 1302 2913 quarn
1328 2881 1386 2902 non
1403 2872 1445 2901 ita
1462 2870 1555 2900 fuisse
1572 2870 1770 2909 appellatam,
1792 2868 1882 2908 quasi
1906 2870 1990 2897 esset

1042 2917 1210 2955 perforata,
1233 2914 1288 2944 sed
1312 2912 1393 2952 quod
1416 2911 1562 2942 pontifice
1586 2911 1616 2941 iu
1640 2920 1676 2941 ea
1700 2913 1815 2946 stante,
1839 2910 1916 2939 haec
1939 2908 1988 2939 Ps.

1043 2958 1118 2987 cxu
1142 2955 1236 2986 verba
1259 2956 1459 2984 canerentur:
1483 2954 1514 2982 et
1536 2951 1573 2982 de
1592 2953 1733 2982 stercore
1755 2950 1854 2989 eriqt't
1870 2957 1997 2989 paupe-

1044 3007 1124 3034 rem,
1141 2997 1230 3026 docet
1247 2995 1327 3025 idem
1353 2992 1550 3024 Mahillonius
1567 2991 1826 3031 (Commentario
1850 2991 1879 3020 in
1902 2988 1993 3021 Ordi-

1045 3047 1118 3070 nem
1140 3037 1272 3068 Roman.
1302 3044 1329 3074 p.
1354 3033 1435 3072 121),
1459 3034 1576 3064 addens
1594 3033 1684 3064 facile
1709 3033 1825 3063 revinci
1849 3039 1912 3067 θος,
1937 3030 1990 3070 qui

1044 3081 1133 3110 huius
1150 3078 1232 3108 sedis
1248 3076 1399 3115 originem
1415 3074 1571 3104 deducunt
1593 3075 1632 3104 ab
1649 3075 1764 3104 loanna
1789 3071 1990 3110 pseudo-pa-

1046 3121 1140 3158 pissa,
1164 3117 1244 3157 qnod
1271 3117 1353 3146 nulla
1371 3117 1481 3145 mentio
1503 3116 1566 3145 eius
1590 3115 1764 3145 inveniatur
1786 3116 1857 3143 ante
1880 3121 1990 3142 saecu-

1047 3162 1107 3191 lnm
1133 3158 1354 3188 duodecimum.
1381 3156 1444 3186 Vid.
1461 3165 1584 3196 quoque
1598 3155 1639 3187 La
1656 3154 1793 3187 Scienza
1809 3163 1823 3184 e
1840 3153 1883 3185 La
1897 3151 1990 3189 Fecle,

1048 3202 1107 3232 Vol.
1125 3199 1174 3238 82,
1191 3209 1218 3238 p.
1242 3198 1294 3229 137
1312 3199 1341 3228 in
1361 3201 1421 3228 nol.
