2241 3473
296 161 371 201 154

242 235 675 284 Hassus,Wolfgangus
694 234 944 278 Anhaltinus,
958 234 1036 270 duo
1057 233 1176 270 comi-

243 296 303 329 tes
322 288 640 334 Mansfeldenses‚
662 287 870 336 pluresque
890 287 1070 324 civitates
1089 286 1179 323 Sch-

241 343 475 382 malcaldam
509 344 773 378 convenerunt
789 370 798 386 ,
818 345 857 377 et
877 352 944 388 pro
977 339 1177 387 religionis

240 409 332 434 suae
353 394 572 433 defensione
593 393 726 431 foedus
757 394 927 430 inierunt
941 393 979 430 in
1000 393 1024 430 6
1045 403 1177 437 annos,

241 451 300 487 his
329 448 469 496 elapsis
488 448 527 484 in
551 447 598 484 10
619 447 715 484 alios
747 451 1011 496 prorogatum.
1041 445 1177 483 Eidem

240 501 384 540 foederi
404 512 608 550 progressu
629 500 814 549 temporis
834 500 964 549 plures
986 498 1052 536 alii
1071 497 1183 535 Ordi-

240 567 307 592 nes
327 566 394 592 seu
415 554 555 591 Status
576 557 832 591 accesserunt.

293 607 451 645 Carolus
480 608 516 645 V
545 619 612 656 pro
641 607 825 656 temporis
860 603 1181 650 circumstantiis,

241 661 408 698 maxime
445 660 545 709 quod
582 660 760 709 ingentes
796 660 1015 697 Turcarcm
1045 657 1178 706 copiae

241 713 464 763 Hungariae
486 714 696 762 vicinisque
723 713 839 751 terris
866 712 1083 750 Austriacis
1102 711 1179 747 im-

241 767 639 816 minerent,tantisper
653 767 864 804 cedendum
879 769 999 811 ratus,
1011 764 1181 802 an.l532

241 820 523 869 Norimbergae
542 832 628 857 cum
646 820 853 857 Ordinibus
874 819 1088 856 lutheranis
1108 829 1180 866 pa-

242 885 325 911 cem
335 873 547 922 composuit
558 886 604 910 ea
616 873 764 922 lege,ut
778 873 1180 910 edictaWormatien-

240 939 281 964 se
311 931 350 963 et
369 928 643 975 Augustauum
662 927 1004 975 suspenderentur,
1021 929 1061 962 et
1081 936 1181 961 nova

238 980 375 1028 religio
397 980 646 1026 toleraretur,
658 981 778 1017 donec
797 980 837 1016 in
860 979 1034 1028 proximo
1057 989 1180 1027 gene—

241 1033 491 1070 raliconcilio
507 1034 569 1070 vel
598 1034 637 1070 in
667 1033 831 1071 comitiis
861 1044 978 1070 causa
999 1031 1181 1080 religiosa

240 1086 483 1132 definiretur3
496 1087 552 1123 illi
568 1092 698 1124 autem
716 1098 806 1123 mox
822 1086 1044 1135 imperatori
1063 1084 1180 1122 auxi-

240 1140 291 1177 lia
311 1144 448 1177 contra
468 1140 616 1178 'Furcas
636 1141 782 1178 ferrent
800 1139 824 1177 ¹.
843 1140 926 1176 Hac
941 1139 1076 1176 habita
1097 1150 1184 1175 con-

240 1193 413 1231 cessione
429 1224 438 1240 ,
473 1205 571 1242 quae
592 1194 639 1231 ab
662 1194 756 1231 urbe
773 1223 782 1239 ,
805 1193 868 1230 ubi
888 1192 993 1230 facta
1012 1195 1082 1236 est,
1102 1203 1179 1240 pax

241 1247 424 1296 religiosa
444 1247 782 1296 Norimbergensis
803 1247 907 1284 dicta
925 1245 1013 1291 fuit,
1034 1245 1180 1282 Lutbe-

240 1312 359 1338 ranae
378 1300 564 1338 factiones
578 1303 797 1345 creverunt,
809 1305 982 1337 attamen
1001 1299 1181 1336 unionem

241 1354 461 1402 religiosam
484 1354 642 1391 minime
663 1357 861 1390 curarunt.

296 1406 354 1444 18.
367 1406 736 1455 Anabaptz'starum
756 1408 898 1443 turbae
907 1427 954 1433 -
966 1404 1183 1453 Anabapti-

240 1462 386 1497 starum
406 1471 498 1497 vero
509 1461 818 1508 secta,quamvis
835 1459 1049 1508 principum
1066 1458 1183 1495 armis

244 1518 282 1550 et
298 1513 445 1561 legibus
465 1524 641 1562 repressa
660 1516 700 1551 et
719 1514 912 1562 dispersa,
926 1518 968 1549 ut
983 1523 1100 1561 supra
1120 1511 1183 1548 vi-

239 1567 364 1604 dimus
380 1564 416 1613 ²,
436 1566 473 1604 in
501 1567 620 1604 variis
642 1567 876 1615 regionibus,
897 1565 1125 1614 praesertim
1144 1565 1181 1601 in

240 1620 450 1657 Germania
466 1649 476 1663 ,
509 1619 718 1658 Hollandia
739 1624 778 1658 et
797 1620 930 1668 Belgio
959 1618 1182 1667 permansit.

240 1676 313 1711 An.
333 1673 433 1711 1534
449 1672 675 1712 Monasterii
692 1675 730 1710 in
747 1671 993 1721 XVestphalia
1008 1672 1046 1709 in
1068 1683 1183 1720 quam

240 1726 356 1775 paulo
376 1732 467 1764 ante
487 1727 714 1764 Lutherana
735 1727 911 1764 doctrina
926 1725 1038 1763 illata
1052 1725 1182 1762 fuerat

241 1780 316 1817 duo
332 1781 599 1829 anabaptistae
613 1781 933 1826 Batavi,Ioannes
943 1779 1091 1816 Boekel
1106 1790 1183 1816 sar-

240 1838 302 1871 tor
318 1834 497 1882 Lugduni
515 1834 769 1880 Batavorum,
790 1837 831 1871 et
846 1834 1011 1871 Ioannes
1021 1832 1183 1870 Mathie-

243 1899 311 1924 sen
339 1887 456 1936 pistor
476 1887 761 1933 Harlemensis,
782 1886 961 1924 fanaticis
990 1886 1070 1924 suis
1096 1897 1181 1923 ser-

244 1940 421 1978 monibus
446 1944 505 1978 tot
529 1941 698 1978 asseclas
714 1941 817 1978 nacti
837 1944 941 1985 sunt,
960 1944 1000 1978 et
1019 1942 1184 1984 tantam,

247 1994 363 2031 etiam
385 2000 408 2030 e'
425 1994 518 2031 locis
538 1994 698 2039 vicinis,
718 1993 1035 2031 turbulentorum
1057 1992 1184 2029 homi-

246 2058 336 2084 num
358 2047 644 2085 multitudinem
673 2047 743 2085 sibi
772 2047 1047 2092 conciliarunt,
1074 2049 1115 2083 ut
1143 2058 1185 2082 0-

245 2112 353 2138 mnes
373 2101 429 2138 eis
450 2113 522 2138 non
544 2101 800 2138 assentientes
822 2102 914 2138 urbe
938 2100 1082 2138 fuerint
1102 2099 1184 2136 eie-

246 2154 322 2198 cti,
347 2154 534 2191 ecclesiae
563 2154 841 2203 depraedatae,
868 2165 1087 2203 novumque
1119 2164 1185 2190 re.-

246 2218 361 2256 gnum
380 2237 390 2253 ,
423 2208 522 2256 quod
543 2208 717 2245 divinum
738 2207 995 2256 appellabant,
1024 2208 1062 2244 in
1092 2206 1185 2243 urbe

246 2261 482 2298 institutum.
503 2260 579 2298 Sed
599 2273 659 2298 an.
680 2261 778 2298 1536
793 2261 991 2309 episcopus
1011 2260 1186 2308 princeps

247 2313 563 2352 Monasteriensis
584 2315 718 2352 urbem
738 2315 896 2362 recepit,
909 2313 1108 2351 seditionis
1124 2324 1187 2350 au-

248 2371 374 2405 ctores
401 2368 599 2416 suppliciis
623 2367 774 2414 affecit,
794 2371 916 2404 totam
937 2367 1094 2404 turbam
1114 2378 1186 2403 ve-

249 2433 385 2459 sanam
404 2421 617 2470 dissipavit.

300 2473 560 2512 Nihilominus
579 2477 685 2512 secta
704 2474 902 2511 exstincta
922 2486 994 2510 non
1007 2476 1076 2511 est.
1090 2474 1186 2511 Eam

250 2528 487 2566 instauravit
507 2528 649 2566 Menno
670 2527 819 2565 Frisius
836 2557 845 2572 ‚
866 2539 889 2564 a
908 2538 982 2575 quo
1003 2526 1186 2563 haeretici

249 2582 501 2619 Mennonitae
530 2581 717 2631 appellari
747 2583 1044 2618 consueverunt.
1066 2580 1102 2617 Is
1123 2591 1182 2616 an.

253 2635 352 2672 1536
372 2647 395 2673 a
416 2635 510 2673 Fide
538 2641 578 2673 et
596 2635 730 2672 ordine
764 2635 1057 2683 presbyteratus
1090 2645 1186 2681 apo-

249 2692 351 2726 stata
364 2719 372 2733 ‚
407 2694 446 2726 et
483 2700 583 2726 anno
621 2691 804 2737 sequente
839 2688 887 2724 ab
924 2686 1188 2734 Anabaptistis

249 2754 423 2779 summus
442 2754 575 2780 eorum
609 2742 776 2779 director
795 2740 953 2784 electus,
985 2740 1087 2776 inter
1117 2751 1187 2787 pe-

250 2796 374 2833 ricula
394 2794 517 2833 multa
538 2808 604 2845 per
622 2796 821 2844 Belgium,
856 2792 1102 2831 Hollandiam
1125 2797 1187 2829 at-

251 2860 324 2897 que
364 2850 612 2887 Germaniam
647 2849 834 2886 sectarios
867 2848 1085 2884 instaurare
1104 2875 1113 2889 ,
1143 2846 1189 2882 ab

251 2903 492 2951 opinionibus
523 2903 703 2940 fanaticis
731 2906 847 2949 atque
874 2899 1065 2937 seditiosis
1100 2911 1188 2936 avo-

251 2968 341 2993 care
361 2959 401 2993 et
419 2957 467 2993 ad
488 2957 690 2994 meliorem
711 2967 886 2992 normam
907 2953 1094 2991 reducere
1115 2958 1190 2989 stu·

252 3010 336 3046 duit
355 3007 381 3047 ³.

295 3091 301 3112 ¹
322 3091 500 3129 eueniat-us,
519 3088 696 3121 Gnnmenl.
712 3088 750 3120 (le
766 3089 844 3120 aclis
858 3088 1006 3125 Lumen}
1028 3087 1191 3118 l‘allavici-

254 3142 303 3167 no.
320 3131 377 3163 loc.
402 3133 452 3163 cit.
475 3133 493 3162 Ι.
510 3133 563 3168 ΙΗ;
580 3133 769 3171 Chytraeus,
787 3131 863 3162 [use.
890 3129 1029 3170 Censes&
1045 3129 1190 3169 Auyusl.;

255 3175 369 3210 Audin,
387 3173 446 3205 loc.
463 3174 513 3204 cit.
531 3184 555 3202 c.
572 3172 622 3204 22.
636 3190 674 3195 —-
690 3173 704 3194 ²
721 3174 750 3203 1¹.
771 3172 838 3203 150.

293 3217 306 3235 ³⁴
323 3216 504 3249 Meshovins,
519 3214 807 3255 llixe.2111ab111›n·.x·t.
825 3215 843 3245 Ι.
857 3213 979 3251 Vl-Vll;
995 3213 1028 3246 Η.
1041 3213 1111 3250 ou„
1126 3211 1192 3244 An·

257 3257 343 3289 males
360 3256 562 3297 Anabaptcst.

884 169 1040 197 EPOCHA
1067 169 1121 196 XI.
1149 167 1201 196 AB
1229 168 1362 195 INITIIS
1388 167 1566 196 LV'I'HERI

1272 232 1333 269 19.
1354 232 1542 269 Schisma
1560 233 1954 280 Anylicanorum—
1970 233 2054 271 Hoc
2073 233 2157 282 ipso

1217 287 1389 333 tempore
1416 285 1607 322 Henrieus
1626 285 1722 322 VIII
1740 298 1813 323 rex
1831 288 1995 336 Angliae
2011 317 2021 334 ,
2042 290 2159 324 antea

1218 341 1374 387 propter
1386 337 1643 375 defensionem
1659 342 1807 387 septem
1816 340 2158 378 Sacramentorum

1219 397 1353 428 contra
1373 391 1589 428 Lutherum
1609 403 1632 428 a
1647 392 1776 429 Leone
1798 392 1866 441 Pp.
1882 393 1921 431 X
1942 394 2055 431 titulo
2076 394 2157 431 De-

1218 443 1381 482 fensoris
1414 444 1522 482 Fidei
1557 445 1773 482 honoratus
1794 444 1820 490 ¹,
1839 447 2025 484 ecclesias
2044 445 2155 495 regni

1220 497 1281 535 sui
1301 509 1324 534 a
1344 498 1392 534 R.
1413 497 1614 535 Pontificis
1643 498 1861 536 obedientia
1881 503 1921 536 et
1938 501 2058 538 totius
2077 500 2156 537 Ec·
2204 515 2206 517 >

1220 550 1358 588 clesiae
1378 551 1648 588 communione
1666 551 1829 590 divellit.
1847 551 2053 590 Schismati
2071 564 2160 590 cau-

1220 616 1303 642 sam
1323 604 1430 642 dedit
1461 604 1565 653 regis
1597 604 1790 652 voluptas.
1825 604 2018 644 Henricus
2035 618 2056 643 e
2075 605 2156 643 dis-

1221 659 1442 707 pensatione
1462 658 1552 695 Iulii
1569 658 1638 706 Pp.
1660 658 1696 694 II
1712 669 1772 695 an.
1791 657 1892 696 1509
1908 670 2068 696 uxorem
2089 659 2160 696 du-

1221 713 1336 748 xerat
1355 711 1608 750 Catharinam
1627 711 1878 759 Aragoniam,
1893 712 2052 749 Arthuri
2074 711 2158 750 fra-

1221 765 1290 802 tris
1310 766 1370 802 sui
1390 765 1567 810 viduam,
1584 776 1630 801 ea
1649 764 1837 802 hactenus
1850 764 1898 802 18
1913 776 2032 814 prope
2050 765 2162 802 annis

1224 821 1266 856 ut
1281 819 1444 867 coniuge
1463 817 1623 867 pacifice
1646 829 1739 855 usus
1759 817 1891 856 fuerat
1906 818 2108 867 pluresque
2122 817 2164 855 li-

1221 873 1345 918 beros,
1365 884 1386 909 e
1405 873 1544 921 quibus
1563 871 1690 908 Maria
1708 871 1791 908 sola
1811 877 2026 921 supererat,
2046 883 2096 909 ex
2115 883 2163 908 ea

1221 928 1428 974 genuerat3
1461 928 1502 962 at
1534 925 1718 962 indomito
1737 924 1775 961 in
1797 927 1952 963 Annam
1976 924 2160 962 Bolenam

1223 991 1354 1016 amore
1391 978 1584 1016 excitatus
1600 1008 1610 1025 ,
1643 990 1705 1015 an.
1738 977 1838 1015 1527
1873 978 2162 1016 matrimonium

1222 1044 1264 1069 su
1273 1044 1335 1069 um
1356 1044 1443 1069 cum
1460 1032 1669 1070 Catharina
1684 1030 1931 1080 illegitimum
1950 1032 2159 1078 contendit,

1223 1091 1262 1123 et
1280 1098 1357 1135 qua
1376 1086 1455 1122 tale
1476 1097 1499 1123 a
1519 1085 1569 1122 R.
1590 1084 1779 1122 Pontifice
1799 1084 2072 1123 declarandum
2098 1096 2166 1134 po-

1223 1139 1396 1177 stulavit.
1414 1139 1594 1177 Clemens
1609 1139 1678 1188 Pp.
1691 1138 1767 1175 VII
1783 1150 1864 1176 rem
1879 1138 2163 1182 discutiendam

1223 1193 1416 1230 commisit
1434 1192 1637 1242 theologis,
1671 1192 1736 1240 qui
1769 1193 2072 1241 responderunt,
2090 1191 2165 1229 im-

1226 1246 1499 1295 pedimentum,
1521 1246 1621 1295 quod
1641 1257 1711 1283 rex
1731 1246 1957 1293 obiiciebat,
1976 1258 1997 1283 e
2017 1246 2166 1294 dispen-

1225 1302 1374 1337 satione
1394 1300 1482 1337 Iulii
1503 1300 1539 1336 Il
1560 1300 1680 1336 fuisse
1699 1299 1898 1337 sublatum
1914 1330 1923 1345 ‚
1944 1302 1985 1337 et
2002 1298 2165 1348 proinde

1223 1353 1329 1392 illius
1349 1365 1438 1390 cum
1459 1353 1671 1390 Catharina
1691 1353 1983 1390 matrimonium
2003 1364 2086 1390 esse
2104 1351 2166 1389 le-

1226 1407 1415 1456 gitimum.
1436 1406 1717 1443 Verumtamen
1748 1406 1930 1443 Pontifex
1950 1418 1997 1443 ne
2017 1417 2065 1443 ex
2087 1417 2167 1442 una

1225 1463 1336 1509 parte
1355 1460 1566 1497 Henricum
1586 1471 1738 1508 regem,
1759 1467 1801 1497 et
1829 1471 1878 1498 ex
1898 1460 2023 1497 altera
2041 1459 2166 1497 Caro-

1224 1514 1304 1551 lum
1324 1514 1373 1560 V,
1393 1513 1459 1561 qui
1491 1525 1561 1561 pro
1595 1513 1818 1559 Camarina,
1849 1525 1922 1551 sua
1939 1514 2168 1558 matertera,

1225 1569 1362 1604 contra
1382 1566 1672 1604 dissolutionem
1705 1567 1791 1604 eius
1810 1566 2050 1604 matrimonii
2070 1577 2168 1614 gra-

1225 1621 1329 1658 viter
1348 1619 1596 1666 reclamarat,
1611 1619 1838 1666 offenderet,
1852 1620 2087 1657 sententiam
2107 1619 2167 1656 di-

1224 1673 1348 1720 stulit,
1371 1678 1413 1710 ut
1434 1673 1625 1711 Henricus
1645 1685 1716 1711 rex
1731 1675 1884 1710 interea
1905 1673 1953 1710 ad
1973 1675 2164 1710 saniorem

1225 1732 1395 1765 mentem
1414 1739 1455 1764 se
1474 1730 1732 1765 converteret.
1767 1727 1856 1764 Rex
1890 1737 1986 1764 vero
2005 1738 2028 1764 a
2050 1725 2168 1763 variis

1225 1781 1434 1818 academiis
1454 1780 1707 1829 pecuniarum
1728 1780 1938 1829 largitione
1953 1779 2166 1828 impetrare

1224 1836 1395 1872 tentavit
1423 1845 1606 1882 responsa
1625 1834 1721 1871 talia
1740 1845 1785 1870 ac
1805 1833 1836 1871 si
1856 1833 2028 1871 naturali
2048 1835 2167 1881 atque

1226 1888 1355 1925 divino
1370 1888 1455 1925 iure
1471 1891 1572 1925 esset
1585 1887 1887 1936 prohibitum‚ne
1909 1887 1994 1936 quis
2008 1885 2166 1923 viduam

1227 1941 1359 1979 fratris
1397 1941 1458 1978 sui
1487 1941 1525 1978 in
1558 1952 1716 1978 uxorem
1745 1941 1914 1978 duceret.
1953 1939 2166 1977 Henricum

1227 2006 1384 2044 prorsus
1400 1995 1448 2032 ad
1464 1993 1698 2043 perficienda
1711 2005 1833 2042 prava
1847 1993 2008 2031 consilia
2022 1992 2166 2030 stimu-

1227 2050 1359 2086 larunt
1378 2047 1606 2097 praesertim
1627 2047 1797 2085 Thomas
1817 2045 2045 2092 Wolsaeus‚
2066 2046 2171 2083 Tho-

1227 2113 1309 2139 mas
1337 2101 1544 2139 Cromwell
1572 2105 1612 2138 et
1639 2100 1811 2138 Thomas
1830 2099 2043 2138 Crammer.
2061 2099 2171 2138 Wol-

1227 2167 1339 2193 saeus
1367 2167 1417 2193 ex
1445 2154 1579 2191 infima
1607 2153 1730 2191 classe
1757 2153 1913 2202 ingenio
1941 2165 2011 2191 suo
2039 2155 2079 2190 et
2107 2153 2170 2190 in-

1228 2208 1380 2246 dustria
1419 2220 1465 2245 eo
1500 2211 1761 2256 pervenerat,
1793 2211 1834 2244 ut
1863 2205 2073 2244 cardinalis
2101 2217 2170 2243 ar-

1228 2262 1492 2310 chiepiscopus
1525 2261 1780 2298 Eboracensis
1800 2264 1840 2298 et
1858 2261 1969 2310 regni
1997 2259 2171 2298 admini-

1229 2319 1309 2353 ster
1337 2320 1439 2352 esset
1469 2318 1638 2359 creatus,
1667 2314 1733 2351 sed
1764 2317 1850 2363 post
1879 2325 2020 2364 paucos
2049 2324 2172 2350 annos

1229 2368 1340 2417 pravi
1372 2367 1432 2405 sui
1454 2367 1603 2405 consilii
1637 2366 1810 2405 fructum
1843 2367 1955 2412 tulit,
1983 2379 2045 2405 an.
2072 2365 2173 2405 1530

1229 2421 1423 2459 extinctus
1438 2426 1508 2458 est.
1522 2421 1740 2466 Cromwell,
1756 2421 1869 2459 homo
1890 2421 2000 2459 vafer
2015 2423 2056 2458 et
2069 2419 2171 2458 clam

1228 2475 1459 2512 lutheranus
1476 2504 1486 2521 ,
1505 2478 1640 2511 Annae
1668 2474 1836 2512 Bolenae
1868 2475 2002 2513 favore
2030 2473 2173 2524 primas

1230 2528 1339 2576 regni
1369 2529 1575 2577 dignitates
1603 2532 1838 2566 consecutus
1864 2531 1934 2566 est.
1957 2528 2173 2573 Crammer,

1230 2581 1429 2629 theologus
1457 2581 1810 2629 Cantabrigiensis,
1831 2583 1895 2619 sed
1916 2581 2019 2619 elam
2037 2580 2173 2618 luthe-

1233 2647 1326 2672 rana
1360 2635 1507 2672 haeresi
1541 2634 1706 2672 infectus
1739 2638 1778 2672 et
1806 2634 2053 2673 matrimonio
2086 2633 2173 2671 iun-

1231 2693 1326 2733 ctus,
1339 2688 1587 2726 simulatione
1607 2691 1645 2726 et
1673 2689 1834 2737 perfidia
1855 2688 1950 2726 nulli
1971 2687 2175 2732 secundus,

1230 2753 1291 2778 an.
1318 2742 1416 2779 1530
1445 2741 1737 2779 matrimonium
1757 2743 1862 2792 regis
1881 2753 1969 2780 cum
1989 2740 2173 2778 Cathari-

1232 2807 1281 2832 na
1301 2795 1450 2832 nullum
1472 2807 1555 2832 esse
1576 2795 1719 2844 scripto
1741 2795 2020 2845 propugnavit.
2038 2792 2178 2832 Henri-

1231 2861 1297 2885 cus
1318 2849 1425 2894 VIII,
1455 2860 1586 2885 morae
1619 2849 1824 2898 impatiens
1842 2878 1852 2894 ,
1880 2860 1941 2887 an.
1976 2846 2078 2886 1533
2097 2846 2174 2884 Ca-

1233 2901 1425 2939 tliarinam
1454 2902 1673 2950 relegavit,
1693 2904 1732 2940 et
1751 2902 1948 2940 occultum
1969 2900 2174 2939 matrimo-

1233 2956 1339 2992 nium
1369 2968 1455 2992 cum
1485 2958 1597 2992 Anna
1633 2956 1780 2993 Bolena
1813 2954 2018 2994 contraxit.
2052 2952 2176 2991 Paulo

1234 3014 1316 3058 post
1346 3009 1514 3046 Thomas
1546 3009 1759 3055 Crammer,
1787 3009 1835 3046 ad
1863 3007 2176 3057 archiepiscopa-

1233 3068 1315 3099 tum
1348 3062 1665 3100 Cantuaricnsem
1685 3065 1844 3100 evectus
1862 3091 1872 3106 ,
1902 3061 2006 3112 regis
2036 3060 2176 3098 matri-

1234 3115 1403 3153 monium
1436 3128 1523 3152 cum
1557 3115 1768 3153 Catharina
1804 3114 1975 3160 nullum,
2005 3113 2176 3162 illudque

1233 3169 1331 3218 qnod
1353 3173 1442 3206 ante
1460 3169 1483 3207 5
1500 3181 1647 3207 menses
1668 3169 1767 3207 clam
1788 3168 1933 3207 inierat
1948 3179 2037 3206 cum
2059 3169 2177 3205 Anna

1278 3251 1284 3271 ¹
1307 3228 1378 3283 vmi-
1396 3227 1449 3292 psi
1465 3251 1507 3283 is.
