2241 3473
698 126 833 156 VSQVE
855 125 908 153 AD
928 121 1214 152 PRAESENTEM
1236 123 1441 151 ΑΕΤΑΤΕΜ

1903 105 1983 146 423

97 199 360 238 turbationem
379 199 599 235 animorum
617 198 845 241 sedandam,
865 207 963 245 quae
983 195 1038 232 in-
1086 195 1231 232 litteris
1249 195 1349 231 datis
1363 195 1409 232 22
1428 196 1544 231 mart.
1562 191 1653 231 1869
1671 190 1816 227 factum
1843 192 1915 226 est·
1944 189 2034 232 Qui-

98 255 160 291 ter
187 253 403 291 Chaldaeos
421 254 592 290 excitata
619 259 706 290 erat
733 253 781 288 ob
807 264 868 294 ca,
897 262 995 299 quae
1014 262 1037 286 a
1089 250 1157 285 bus
1184 249 1401 285 devotionis
1421 252 1460 285 et
1478 245 1724 283 obedientiae
1742 243 2034 290 significationi-

98 307 333 344 Patriarcha
353 314 501 344 temere
523 308 626 343 sacta
654 308 820 343 fuerant.
852 306 969 341 Hisce
990 307 1038 340 A-

100 361 300 408 postolicis
328 361 522 396 mandatis
548 361 638 397 licet
664 361 842 396 dolenter
870 358 1039 395 Pati-iar-

98 415 171 450 cha
189 415 401 462 acquievit,
423 421 489 450 aut
508 415 645 450 saltem
666 414 916 461 acquiescere
936 413 1041 448 visus

98 472 172 511 est;
188 480 301 516 quam
315 468 536 516 opinionem
558 468 841 504 confirmarunt
857 466 1040 514 posterio-

100 533 146 558 ra
164 523 248 558 eius
263 529 385 569 gesta.
410 523 489 558 Etsi
505 522 607 558 enim
626 521 769 568 aliquid
786 522 914 556 miuus
935 525 1040 556 recte

101 576 150 612 ab
164 587 211 612 eo
238 575 482 624 postmodum
512 575 657 610 factum
686 585 822 610 ornnes
848 574 1043 617 dolerent,

101 629 183 678 ipse
212 633 345 665 tamen
375 629 553 664 Pontifici
584 628 825 674 morigerum
849 656 856 670 ‚
883 627 938 663 uti
973 638 1044 674 par

101 688 201 724 erat,
226 693 268 718 se
298 682 498 729 praebuit,
528 686 567 717 et
595 680 843 716 Pontificiam
876 681 1041 716 auctori-

104 739 224 772 tatem
253 746 322 782 pro
341 746 410 770 suo
429 734 557 770 debito
574 734 783 776 reveritus,
796 734 1040 780 praeclarum

98 789 217 825 etiam
238 789 482 824 obedientiae
510 788 712 835 specimen
739 787 931 831 exhibuit,
963 792 1041 823 tum

99 842 308 889 evulgato,
335 843 388 878 uti
418 842 543 877 iussus
584 842 733 885 fuerat,
760 841 935 884 decreto,
970 853 1043 888 quo

99 906 287 932 censuras
314 896 361 931 ab
379 907 425 931 eo
446 901 594 932 temere
612 896 712 930 latas
727 895 947 941 abrogavit,
963 900 1042 931 tum

98 950 296 996 denegata
323 951 622 986 consecratione
651 949 863 996 episcopali
891 949 1042 986 cuidam

100 1003 404 1044 Malabariensi,
425 1014 540 1050 quam
572 1002 743 1038 nonnulli
762 1002 800 1037 in
820 1013 867 1037 ea
884 1004 1045 1048 regione

98 1068 287 1093 novarum
327 1068 460 1093 rerum
502 1057 703 1093 molitores
741 1056 789 1092 ab
825 1068 871 1092 eo
900 1057 1046 1103 efflagi—

98 1111 246 1147 tabant.

145 1164 273 1205 Quum
299 1165 353 1201 ita
371 1175 412 1201 se
433 1175 497 1200 res
517 1163 955 1210 haberent,Apostolica
976 1166 1042 1202 Se-

97 1219 166 1256 des
188 1248 196 1261 ,
231 1219 331 1266 quod
365 1218 591 1254 iamdudum
629 1218 667 1252 in
703 1218 804 1254 votis
849 1218 1041 1263 habehat,

100 1273 326 1309 chaldaicae
354 1271 557 1308 Ecclesiae
586 1272 900 1319 prospiciendum
921 1273 1042 1317 duxit,

96 1332 139 1364 ut
164 1327 472 1364 ecclesiasticam
492 1326 748 1374 disciplinam,
769 1338 868 1374 quae
893 1328 1044 1364 incerta

95 1396 281 1433 prorsus,
311 1384 510 1429 collapsa,
539 1388 577 1419 et
603 1383 723 1419 etiam
758 1390 919 1430 propter
950 1389 1043 1420 tem-

98 1451 235 1487 porum
267 1439 523 1486 asperitatem
550 1437 675 1473 ferme
707 1438 916 1475 obliterata
943 1444 1042 1482 erat,

98 1494 358 1536 instauraret,
385 1493 504 1528 salvis
532 1496 664 1528 tamen
693 1491 775 1527 eius
803 1492 953 1534 ritibus,
983 1495 1045 1541 qui

98 1559 122 1584 a
147 1549 216 1584 SS.
254 1547 438 1583 Patribus
474 1546 639 1582 instituti
674 1550 713 1582 et
739 1546 786 1582 ab
820 1548 1045 1593 Apostolica

98 1603 199 1640 Sede
239 1602 443 1650 approbati
483 1601 820 1647 dignoscerentur.
862 1602 948 1637 Hoc
988 1602 1046 1637 Pii

99 1658 441 1706 propositum,per
455 1655 816 1701 Congregationem
835 1655 881 1692 de
901 1656 1048 1704 Propa—

99 1711 229 1758 ganda
255 1710 366 1752 Fide,
386 1708 647 1745 Patriarchae
675 1708 721 1745 de
743 1709 928 1745 mandato
948 1709 1046 1745 Pon-

99 1766 216 1802 tificis
227 1764 492 1812 significatum
509 1767 569 1799 est
583 1762 675 1799 die3
691 1764 927 1810 septembris
943 1765 1046 1805 1868,

100 1823 217 1867 atque
243 1830 322 1854 una
348 1818 462 1855 simul
482 1817 528 1853 ad
548 1828 634 1853 eum
656 1816 816 1852 missum
844 1823 904 1853 est
920 1830 1048 1854 exem-

99 1873 206 1919 plum
216 1871 517 1910 Constitutionis
537 1870 665 1906 editae
682 1870 741 1906 1v⁰
752 1870 835 1907 idus
854 1871 931 1906 iulii
945 1872 1046 1916 1867,

99 1936 176 1973 qua
195 1925 382 1961 nonnulla
400 1924 630 1972 disciplinae
651 1923 795 1970 capita,
812 1925 1046 1971 praesertim

103 1979 149 2015 de
177 1979 450 2026 episcoporum
470 1977 678 2020 electione,
706 1977 743 2011 in
770 1978 959 2013 Armenio
986 1989 1047 2024 pa-

100 2032 320 2068 triarchatu
337 2030 534 2067 servanda
559 2029 712 2066 sancita
738 2030 907 2066 fuerant.
938 2030 1048 2072 Quae

100 2085 165 2121 ubi
185 2085 420 2121 Patriarcha
446 2085 612 2132 accepit,
644 2083 766 2131 primo
798 2084 951 2131 quidem
979 2097 1049 2132 per

101 2139 339 2187 Episcopum
365 2140 492 2175 Elian]
513 2139 669 2181 Mellus,
690 2138 752 2184 qui
781 2137 929 2174 Romae
958 2143 1049 2174 tunc

101 2193 266 2236 aderat,
293 2193 382 2229 dein
421 2205 492 2240 per
526 2203 618 2229 suas
653 2192 803 2233 litteras
829 2195 840 2216 1
868 2192 916 2227 ad
940 2203 1052 2238 prae-

102 2247 222 2283 fatam
242 2247 605 2294 congregationem
626 2247 751 2283 semel
771 2250 810 2282 et
825 2246 967 2282 iterum
987 2247 1049 2283 da-

102 2306 177 2345 tas,
196 2301 461 2348 significatum
490 2300 670 2336 Pontifici
695 2301 831 2343 voluit,
855 2312 896 2336 se
924 2302 1049 2348 quoad

103 2360 235 2391 certas
274 2355 433 2402 regulas
471 2355 508 2390 in
536 2355 822 2402 Episcoporum
858 2355 1049 2392 electione

102 2409 318 2445 servandas
344 2420 367 2445 a
392 2410 596 2445 voluntate
625 2409 686 2445 Pii
719 2410 878 2445 minime
905 2409 1051 2445 dissen-

104 2464 193 2507 tire,
227 2475 321 2511 quas
347 2464 453 2499 omni
480 2463 605 2499 studio
633 2467 672 2499 et
698 2463 920 2499 obedientia
950 2463 1051 2499 exci-

103 2519 265 2566 piendas
305 2517 591 2564 profitebatur;
625 2521 740 2564 atque
781 2528 830 2553 ex
857 2518 1047 2563 promissa

104 2572 387 2620 episcopalium
419 2571 658 2607 electionum
688 2570 931 2607 ordinatione
953 2572 1050 2607 bene

104 2638 267 2674 sperare
291 2653 299 2669 ,
339 2626 370 2662 si
404 2625 509 2661 utilis
544 2625 725 2661 Pontifici
759 2629 799 2660 et
832 2629 1050 2672 opportuna

107 2682 327 2723 videretur;
363 2679 463 2715 velle
499 2684 627 2715 autem
656 2683 698 2714 ut
723 2678 823 2725 quod
845 2678 985 2725 gaudio
1012 2685 1051 2716 et

105 2735 282 2772 laetitiae
310 2734 380 2769 Pio
408 2734 562 2775 fuerat,
591 2743 748 2779 semper
774 2732 1047 2769 custodiretur.

106 2792 213 2828 Inter
246 2789 345 2825 haec
372 2799 494 2830 ver0,
522 2798 610 2822 cum
637 2786 788 2822 viduari
818 2787 1049 2833 contigisset

107 2844 329 2893 pastoribus
369 2843 448 2879 suis
490 2840 679 2877 chaldaici
722 2841 820 2877 ritus
861 2842 1050 2877 ecclesias

107 2898 361 2935 Amidensem
389 2901 429 2932 et
448 2895 703 2931 Mardensem
724 2923 731 2936 ,
760 2895 905 2941 aliquot
922 2905 1050 2931 sacer-

107 2953 241 2988 dotum
274 2950 434 2986 nomina
462 2948 876 2995 Pontificiproposuit,
897 2952 940 2983 ut
958 2960 1050 2996 quos

109 3006 311 3053 digniores
337 3007 375 3040 et
394 3002 519 3049 magis
538 3001 697 3037 idoneos
735 3001 773 3036 in
805 3001 969 3037 Domino
996 3003 1050 3039 iu-

109 3061 273 3100 dicaret,
309 3069 377 3094 eos
412 3056 549 3091 iisdem
575 3053 817 3090 dioecesibus
845 3054 1052 3092 Pontificia

110 3113 346 3150 auctoritate
390 3109 653 3157 praeficeret3
693 3107 792 3154 quod
818 3109 1053 3155 Apostolicis

156 3217 166 3239 ¹
187 3219 265 3251 Litt.
283 3218 362 3250 dati.
385 3216 468 3250 dieb.
489 3216 525 3249 31
556 3212 730 3253 iul.1868,
750 3217 781 3247 et
805 3212 848 3247 24
866 3215 924 3247 mai
945 3213 1051 3247 1869.
1068 3211 1075 3218 “

1090 303 1157 337 bus
1172 302 1268 338 adeo
1287 302 1377 338 Pius
1390 302 1458 348 Pp.
1480 301 1534 337 IX
1555 304 1752 346 permotus
1780 297 1864 340 fuit,
1880 303 1923 333 ut
1949 308 2036 334 cum

1092 355 1323 391 Patriarcha
1349 355 1544 391 humiliter
1571 352 1830 400 exposuisset,
1851 351 1968 387 malle
1995 363 2037 388 se

1091 414 1132 445 ut
1149 420 1262 457 quem
1279 408 1478 444 Amidensi
1499 408 1747 455 praefecerat
1767 404 1949 441 Pontifex
1967 405 2038 441 Ec·

1093 460 1250 505 clesiae,
1277 463 1378 497 hunc
1410 461 1612 497 Mardensi
1646 459 1761 495 daret
1794 458 2036 505 episcopum,

1095 521 1133 551 et
1153 516 1433 558 vicissirn‚eius
1460 514 1635 562 petitioni
1654 511 1901 549 annuendum
1917 512 2038 548 omni-

1097 580 1144 604 no
1174 569 1348 605 duxerit.

1143 622 1236 658 Post
1263 622 1359 657 baec
1392 633 1469 657 non
1501 621 1647 657 diutius
1680 619 1937 655 differendam
1965 618 2038 654 Ro-

1095 688 1234 712 manus
1253 675 1434 712 Pontifex
1455 674 1607 712 censuit
1624 673 1909 710 ordinationem
1928 672 2041 708 disci-

1099 731 1225 778 plinae
1254 731 1289 765 in
1319 729 1589 776 patriarchatu
1616 726 1816 766 Chaldaici
1848 727 1970 769 ritus,
2000 726 2039 761 in

1097 795 1172 831 qua
1206 785 1253 819 ab
1282 784 1568 830 Episcoporum
1603 781 1793 818 electione
1830 781 1903 816 rite
1929 791 2040 826 pera-

1097 837 1225 884 genda
1241 838 1393 874 initium
1404 835 1621 872 ducendum
1634 834 1791 870 omnino
1810 840 1910 870 erat.
1928 834 2041 870 Hunc

1098 892 1134 926 iu
1161 892 1277 927 finem
1315 902 1437 938 eoque
1474 889 1635 926 consilio
1666 888 1772 924 edita
1797 899 1822 923 a
1853 887 2042 924 Pontifice

1097 950 1156 980 est
1184 944 1280 992 prid.
1302 944 1457 980 calend.
1478 947 1578 990 sept.
1600 942 1690 978 1869
1709 941 1936 987 Apostolica
1954 952 2042 976 con-

1097 998 1259 1041 stitutio,
1279 998 1388 1034 cuius
1409 998 1563 1032 initium
1584 995 1682 1032 Cam
1696 993 1968 1030 ecclesiastica
1985 993 2043 1030 di-

1094 1050 1291 1098 sciplina,
1322 1051 1360 1085 in
1387 1061 1464 1097 qua
1489 1050 1596 1086 circa
1622 1048 1853 1084 electionem
1885 1047 2042 1093 Episco-

1097 1115 1233 1150 porum
1254 1104 1290 1139 id
1310 1104 1435 1140 ferme
1454 1101 1693 1140 servandum
1718 1100 2041 1144 constituebatur,

1097 1157 1197 1203 quod
1224 1158 1305 1204 ipse
1335 1156 1570 1193 Patriarcha
1587 1184 1596 1198 ,
1620 1155 1676 1191 uti
1701 1165 1822 1201 supra
1850 1153 2015 1190 diximus
2034 1182 2043 1198 ‚

1099 1211 1264 1246 libenter
1291 1216 1433 1257 egerat
1462 1222 1530 1258 pro
1560 1208 1804 1245 dioecesibus
1838 1208 2038 1244 Amidensi

1097 1269 1136 1300 et
1168 1264 1396 1308 Mardensi;
1423 1264 1607 1300 videlicet
1639 1268 1681 1299 ut
1719 1274 1836 1310 quum
1868 1262 2039 1309 aliquam

1098 1320 1239 1356 Sedem
1279 1320 1542 1367 episcopalem
1582 1329 1726 1354 vacare
1765 1319 2042 1365 contingeret,

1099 1381 1178 1411 tres
1209 1375 1387 1411 Pontifici
1407 1374 1572 1421 spectati
1591 1374 1665 1410 viri
1685 1374 1732 1410 ab
1758 1374 2044 1420 Episcoporum

1096 1430 1242 1478 synodo
1263 1434 1597 1477 proponerentur,
1615 1435 1657 1464 ut
1681 1440 1794 1476 quem
1821 1429 2043 1475 digniorem

1097 1490 1136 1521 et
1154 1485 1282 1532 magis
1300 1485 1480 1521 idoneum
1506 1484 1701 1520 iudicaret
1727 1483 1920 1528 Pontifex,
1956 1495 2045 1520 eum

1098 1540 1254 1575 vacanti
1273 1539 1443 1576 dioecesi
1463 1539 1713 1587 praeficeret;
1732 1538 1886 1574 irritum
1914 1541 2046 1575 autem

1098 1598 1137 1630 et
1164 1595 1279 1630 inane
1310 1594 1392 1629 fore
1425 1593 1740 1636 decernebatur,
1768 1592 1801 1628 si
1833 1592 1922 1640 quid
1954 1603 2042 1628 con-

1099 1652 1160 1683 tra
1187 1648 1405 1695 praemissa
1432 1647 1684 1694 contingeret
1709 1646 1910 1682 attentari.

1145 1701 1334 1738 indictum
1354 1702 1433 1737 iam
1453 1705 1533 1737 tum
1548 1702 1680 1737 fuerat
1697 1700 1914 1738 Concilium
1933 1699 2043 1736 Vati-

1100 1766 1253 1798 canum,
1282 1761 1397 1803 atque
1425 1755 1473 1790 ad
1499 1755 1592 1790 illud
1620 1755 1827 1790 convocati
1854 1755 2043 1802 cuiusque

1099 1810 1227 1856 gentis
1246 1815 1284 1846 et
1303 1811 1399 1845 ritus
1420 1809 1619 1856 Episcopi.
1639 1808 1773 1844 Adfuit
1798 1812 1838 1844 et
1856 1808 1959 1844 inter
1977 1820 2046 1846 eos
2066 1819 2068 1821 ’

1100 1864 1199 1899 idem
1212 1863 1449 1899 Patriarcha
1461 1863 1747 1900 Chaldaeorum
1767 1873 1854 1898 cum
1871 1862 2048 1899 omnibus

1101 1918 1224 1953 ferme
1251 1918 1309 1953 sui
1338 1918 1436 1954 ritus
1464 1916 1683 1964 Episcopis,
1701 1916 1763 1964 qui
1783 1920 1915 1951 tamen
1937 1916 2048 1952 brevi

1101 1970 1214 2007 valde
1245 1976 1418 2006 mutatus
1444 1974 1531 2006 erat
1558 1971 1606 2006 ab
1645 1970 1721 2005 illo.
1758 1969 1863 2005 Nam
1893 1969 1957 2004 diu
1988 1982 2050 2006 re-

1100 2024 1182 2060 nuit
1223 2035 1460 2060 consecrare
1504 2024 1709 2071 episcopos
1752 2023 2047 2069 praedictarum

1100 2078 1369 2114 Ecclesiarum
1398 2077 1622 2113 Amidensis
1654 2082 1693 2113 et
1727 2076 1952 2112 Mardensis
1986 2088 2046 2113 sa-

1100 2131 1280 2168 cerdotes
1309 2132 1470 2168 Petrum
1489 2133 1621 2174 Attar,
1648 2134 1686 2167 et
1712 2130 1934 2166 Gabrielem
1951 2130 2046 2166 Far-

1101 2196 1159 2229 so,
1178 2197 1272 2232 quos
1299 2186 1402 2221 inter
1421 2188 1576 2221 ceteros
1596 2185 1643 2219 ab
1662 2195 1708 2220 eo
1728 2183 1948 2231 propositos
1966 2183 2044 2220 ele-

1102 2244 1217 2284 gerat
1244 2239 1335 2274 Pius
1362 2239 1449 2286 Pp„
1469 2239 1671 2285 assignata
1688 2238 1909 2285 unicuique,
1928 2248 2047 2284 quam

1102 2291 1164 2328 ille
1190 2293 1398 2336 maluerat,
1418 2293 1610 2328 Ecclesia.
1638 2291 1784 2328 Deinde
1816 2302 1904 2326 cum
1938 2291 2045 2327 Urbe

1102 2351 1206 2382 esset
1231 2347 1485 2390 discessurus,
1507 2346 1694 2393 postulari
1722 2345 1771 2380 ab
1798 2355 1844 2380 eo
1865 2344 2045 2382 Pontifex

1103 2400 1212 2436 iussit
1238 2400 1545 2437 declarationem
1573 2398 1819 2435 adhaesionis
1849 2398 2045 2446 animique

1101 2454 1158 2489 sui
1184 2454 1452 2490 submissionis
1482 2453 1758 2492 Constitutioni
1785 2451 1832 2487 cle
1862 2451 2047 2488 Ecclesia

1101 2507 1252 2544 Clu-isti
1284 2508 1413 2544 editae
1448 2508 1484 2543 in
1518 2507 1570 2542 IV
1601 2506 1776 2542 sessione
1807 2506 2048 2542 oecumenici

1101 2561 1254 2596 concilii
1282 2561 1489 2603 Vaticani,
1517 2560 1578 2596 cui
1613 2559 1777 2595 sessioni
1810 2559 2047 2596 Patriarcha

1101 2627 1175 2650 non
1202 2615 1398 2659 adfuerat,
1417 2615 1506 2662 quin
1534 2618 1571 2650 et
1600 2614 1691 2649 Pius
1719 2613 1856 2648 adhoc
1873 2612 2044 2650 debitum

1100 2668 1268 2704 officium
1295 2668 1573 2716 praestandum
1603 2668 1711 2703 illum
1731 2666 1908 2702 hortatus
1927 2670 2047 2714 atque

1100 2723 1316 2759 obtestatus
1343 2723 1428 2765 fuit,
1446 2722 1624 2769 exemplo
1652 2721 1851 2768 proposito
1879 2720 2045 2757 aliorum

1102 2777 1399 2824 Episcoporum,
1422 2776 1484 2823 qui
1504 2786 1591 2811 eam
1611 2774 1935 2818 declarationem,
1957 2785 2047 2810 cum

1101 2835 1265 2878 quartae
1300 2830 1463 2865 sessioni
1498 2841 1575 2864 non
1607 2828 1899 2871 interfuissent,
1928 2827 2047 2864 edere

1102 2896 1178 2920 non
1213 2883 1451 2920 dubitarunt.
1481 2882 1714 2918 Patriarcha
1751 2886 1882 2918 autem
1922 2884 2047 2927 primo

1103 2949 1234 2974 moras
1261 2940 1422 2973 nectere
1451 2937 1579 2983 coepit
1606 2948 1651 2972 ac
1670 2935 1942 2983 tergiversari,
1963 2939 2047 2971 tum

1103 2991 1362 3037 pervicaciter
1396 3001 1604 3032 asserere,
1631 2990 1668 3026 id
1701 3002 1742 3027 se
1780 2990 1913 3026 utilius
1941 2991 2047 3025 actu-

1104 3057 1190 3080 rum
1209 3074 1217 3089 ,
1249 3048 1452 3092 postquam
1481 3045 1518 3079 in
1547 3044 1689 3080 Sedem
1719 3055 1830 3080 suam
1862 3054 2046 3080 reversus

1104 3103 1220 3141 esset,
1241 3097 1456 3146 pollicendo
1484 3098 1596 3134 simul
1623 3110 1664 3134 se
1691 3097 1783 3133 nihil
1811 3098 2046 3133 omissurum

1104 3166 1176 3203 quo
1208 3152 1387 3189 Pontifici
1420 3151 1681 3189 satisfaceret·
1716 3152 1889 3199 Maximo
1920 3150 2043 3187 dolori

1103 3209 1174 3245 fuit
1190 3207 1260 3243 Pio
1279 3206 1349 3254 Pp.
1368 3206 1421 3242 IX
1435 3205 1653 3243 huiusmodi
1668 3206 1873 3255 oppositio,
1891 3216 1989 3254 quae
2005 3205 2046 3241 in
