2241 3473
710 176 846 205 VSQVE
869 176 922 202 AD
946 174 1228 202 PRAESENTEM
1255 174 1460 201 ΑΕΤΑΤΕΜ

111 255 223 289 erat.
250 260 296 286 ac
323 249 458 287 eodem
489 251 666 298 tempore
695 251 732 287 in
761 252 844 298 ipsa
869 250 976 287 Urbe
1005 255 1060 286 tot

112 304 308 340 domicilia
334 303 493 347 delevit,
521 316 621 352 quae
650 306 855 352 religiosos
884 305 987 340 viros
1014 315 1061 340 ex

113 358 260 395 exteris
295 358 517 394 nationibus
551 359 830 406 excipiebant,
858 358 918 406 qui
947 360 1060 394 statis

120 411 363 458 temporibus
399 412 564 447 Romani
601 412 814 448 convenire
849 423 1061 447 consueve-

118 470 209 500 rant
235 464 282 499 ad
314 465 574 500 roborandum
603 465 796 512 spiritum.
815 465 862 500 ad
891 465 1061 501 rationes

111 517 159 554 de
186 529 255 553 sno
276 518 493 554 ministerio
515 518 747 559 reddendas,
767 524 882 565 atque
901 518 949 553 ab
969 517 1062 565 ipsis

115 570 310 606 radicibus
345 571 559 607 crudeliter
594 571 758 607 abscidit
791 576 845 606 tot
874 571 988 606 utiles
1016 582 1060 606 ac

113 622 268 660 sci-aces
287 624 454 670 plantas,
473 635 570 671 quae
601 625 750 660 t'ructus
779 624 1061 660 benedictionis

111 682 152 714 et
181 678 286 723 pacis
307 677 342 712 in
362 689 501 713 omnes
522 684 653 714 terrae
675 679 810 725 plagas
829 678 1060 714 offerebant.

115 731 260 767 Eadem
290 737 421 766 antoni
449 732 738 778 suppl-essionis
765 733 906 767 iniuria
928 760 935 772 ,
962 742 1060 778 qnae

114 784 291 830 collegia
320 785 487 831 perculit
516 797 584 831 pro
611 785 734 820 sacris
756 785 1005 821 missionibus
1026 784 1060 818 in

113 837 218 873 Urbe
247 839 460 874 constituta
488 838 534 873 ad
563 838 702 885 dignos
730 839 932 885 operarios
949 838 1061 874 effor-

113 891 275 926 mandos
297 920 305 933 ,
342 891 405 938 qni
443 892 648 939 Evangelii
683 893 806 929 lucem
842 893 879 927 in
907 892 1062 928 dissitas

113 944 231 980 ctiam
259 952 298 980 et
328 945 542 991 inhospitas
571 951 700 982 terras
720 947 895 982 animose
916 946 1061 992 proser-

115 1004 215 1040 rcnt‚
235 1008 282 1033 ea
303 998 446 1034 misere
461 998 642 1034 subduxit
661 1005 718 1035 tot
738 999 886 1045 populis
907 1003 983 1034 tam
1004 1009 1063 1033 sa-

114 1050 240 1087 lutare
269 1052 427 1098 pietatis
454 1058 493 1087 et
524 1052 729 1088 charitatis
763 1052 948 1088 auxilium
986 1062 1063 1086 ma-

114 1115 191 1150 gno
218 1116 304 1139 cum
332 1104 571 1141 detrimento
599 1107 718 1152 ipsius
746 1105 871 1141 civilis
889 1105 1062 1140 humani-

115 1157 207 1193 tatis
233 1162 273 1193 et
299 1158 436 1198 cultus.
467 1159 528 1205 qni
556 1169 579 1194 a
606 1158 824 1194 catholicae
848 1157 1063 1203 Religionis

114 1211 340 1254 sanctitate,
368 1211 560 1253 doctrina,
591 1212 735 1247 virtute
756 1211 969 1246 dimanatl.
988 1211 1064 1245 Ha-

166 1334 177 1356 ¹
204 1334 243 1366 Ut
269 1334 404 1375 primum
422 1330 614 1375 Superiores
633 1332 802 1371 generales
822 1330 979 1365 Ordinum
1009 1332 1068 1364 lic-

118 1384 306 1424 tigiosorum
343 1381 541 1422 propositum
569 1378 724 1411 ancrnii
759 1379 942 1412 didicerunt
969 1378 1067 1411 subii-

117 1430 222 1465 ciendi
250 1426 447 1469 Legislatiio
466 1425 579 1458 Coetui
598 1426 698 1465 legem
719 1426 906 1459 abolitionis
925 1426 1065 1458 omnium

118 1479 350 1519 Religiosaruin
370 1475 572 1507 Faniiliarum
594 1473 711 1505 Romae
729 1478 760 1505 et
779 1474 808 1505 in
831 1472 1066 1514 circumpositis

118 1524 258 1558 romanis
286 1521 461 1563 provinciis
483 1546 492 1557 ,
519 1519 663 1552 libellum
692 1520 944 1561 inscripserunt,
972 1519 1023 1550 die
1049 1518 1069 1550 4

118 1571 258 1605 octobris
288 1567 387 1606 1871,
415 1568 454 1600 iis
481 1567 535 1609 qui
557 1575 726 1605 regnorum
750 1567 894 1607 Europae
914 1564 1069 1604 guberna-

120 1618 195 1651 cula
221 1619 345 1654 tenent,
378 1613 649 1646 accommodatum
675 1613 712 1644 ad
739 1611 1007 1654 persuadendum.
1035 1616 1067 1641 ut

121 1663 254 1696 Romani
280 1660 447 1695 pontificis
474 1660 565 1691 sedes
592 1659 646 1690 tali
673 1667 708 1690 ac
736 1662 823 1690 tanta
841 1658 964 1689 iactura
983 1657 1071 1688 inco-

121 1709 235 1742 lumem
263 1710 462 1740 servaretur.
493 1707 610 1737 namna
629 1713 667 1736 ex
685 1704 868 1736 huiusmodi
891 1704 956 1741 lege
975 1702 1071 1734 obve-

123 1755 247 1788 nientia
274 1762 336 1785 non
357 1753 447 1784 modo
467 1752 553 1785 civili
574 1750 694 1783 Summi
715 1749 882 1782 Pontificis
903 1748 1068 1790 potestati,

121 1801 176 1834 sed
202 1801 298 1833 etiam
325 1799 465 1839 supremi
485 1799 556 1830 eins
575 1796 777 1837 apostolatus
797 1795 952 1827 exercitio
972 1794 1070 1835 signi-

122 1847 229 1880 ficarit
266 1852 394 1887 quoque
419 1845 496 1877 Pius
522 1844 578 1884 Pp.
608 1843 646 1875 lx
675 1851 730 1881 per
755 1841 922 1882 epistolam
952 1840 1001 1871 die
1034 1839 1069 1869 16

122 1893 201 1925 iunii
230 1890 315 1923 18ῖὲ
342 1891 443 1921 datam
474 1890 510 1920 ad
537 1898 630 1921 snum
658 1886 858 1920 Cardinalem
886 1895 902 1917 a
928 1885 1069 1918 Publicis

122 1938 285 1978 Negociis,
306 1937 432 1977 ipsique
449 1935 662 1971 mundavit,ut
679 1943 794 1965 novum
809 1933 866 1964 lioc
884 1932 1069 1972 impendens

122 1985 305 2027 periculum
332 1982 500 2013 nuntiaret
528 1981 656 2017 togatis
682 1979 763 2020 apud
790 1978 939 2010 Sanctam
959 1977 1069 2008 Sedent

122 2036 309 2063 exterorum
349 2027 545 2065 Principum.
581 2025 657 2058 Cum
696 2031 801 2056 autem
829 2023 991 2065 proposita
1018 2023 1069 2054 lex

121 2076 314 2108 comminata
340 2073 402 2105 fuit
420 2098 427 2107 ,
457 2071 605 2104 Pontifex
629 2096 635 2106 ,
663 2070 862 2104 allocutione
903 2067 1006 2099 habita
1034 2069 1068 2098 ad

122 2120 309 2153 Cardinales
335 2119 384 2150 die
410 2116 452 2148 23
480 2117 657 2149 decembris
683 2116 826 2147 eiusdem
855 2114 943 2151 anni,
972 2114 1072 2145 editas

123 2166 406 2208 expostulationes
439 2164 582 2200 iteravit,
611 2167 643 2194 et
670 2161 797 2194 facinus
824 2159 984 2191 damnavit
1011 2169 1073 2190 una

123 2221 194 2245 cum
222 2211 369 2254 quolibet
397 2209 558 2242 schemate
587 2209 679 2249 legis,
699 2216 781 2249 quae
803 2206 860 2238 sihi
880 2208 1070 2247 potestatem

123 2262 250 2296 arrogat
278 2255 441 2297 angendi,
468 2255 617 2294 vexandi,
646 2252 825 2288 minuendi,
851 2250 1070 2292 supprimendi

125 2303 308 2345 Religiosas
340 2301 489 2333 Familias
511 2301 625 2332 Romae
644 2300 724 2332 etin
745 2297 983 2338 circumpositis
1003 2305 1074 2337 pro-

127 2350 266 2386 vinciis,
293 2350 399 2389 ibique
425 2346 603 2378 Ecclesiam
633 2344 778 2386 prixandi
805 2344 871 2375 suis
899 2343 1003 2382 lionis,
1024 2351 1075 2373 ezi-

125 2405 188 2440 que
215 2394 380 2427 addicendi
408 2393 483 2425 fisco
512 2397 568 2423 aut
600 2392 697 2424 aliter
724 2390 892 2429 erogandi.
920 2388 1075 2420 Consum-

127 2446 214 2475 mato
241 2445 346 2472 autem
375 2439 558 2480 iniquitatis
584 2447 680 2479 opere
708 2442 785 2468 tunc
804 2436 984 2475 designato,
1001 2443 1074 2466 con-

129 2489 194 2520 suit
222 2484 296 2517 Pius
324 2486 380 2527 Pp.
402 2485 441 2517 lx
463 2493 524 2515 non
545 2483 771 2515 abstinendum
794 2482 831 2512 ab
851 2481 889 2512 iis
908 2480 1072 2514 iterandis,

127 2542 211 2576 quae
237 2532 333 2564 toties
359 2532 394 2562 ad
421 2530 632 2562 deterrendos
651 2529 687 2560 ab
706 2538 786 2560 ausu
813 2527 951 2559 scelesto
971 2525 1077 2569 publi-

129 2587 237 2613 carum
265 2586 370 2609 rerum
398 2577 616 2608 moderatores
643 2575 712 2606 tuse
740 2576 799 2605 iam
825 2575 1020 2612 exposuerat
1038 2571 1074 2602 dc

130 2625 208 2665 legis
235 2624 413 2664 impietate,
440 2621 579 2658 malitia,
598 2621 674 2657 fine,
695 2625 725 2651 et
751 2617 946 2659 gravissimis
972 2616 1071 2648 detri-

132 2670 262 2703 mentis.
287 2670 353 2702 Hoc
379 2669 541 2709 praestitit
567 2666 782 2701 allocutione,
802 2673 893 2706 quam
914 2661 1023 2694 habuit
1040 2662 1073 2692 ad

129 2715 320 2749 Cardinalcs
361 2715 409 2746 die
435 2712 477 2743 ⁹25
505 2713 576 2744 iulii
606 2711 690 2744 1873
713 2736 721 2749 ,
747 2711 918 2742 declarans
954 2709 1073 2739 irritam

130 2765 245 2803 suapte
264 2765 378 2792 natura
394 2768 429 2792 nc
448 2759 567 2791 nullam
585 2757 683 2797 legem
700 2757 812 2797 ipsam,
827 2759 860 2786 et
878 2763 932 2786 eos
952 2762 1074 2789 omnes,

131 2808 185 2850 qni
214 2815 280 2838 eam
309 2813 502 2848 proponere,
529 2802 677 2845 probare,
697 2811 732 2835 ac
757 2801 884 2834 sancire
903 2809 967 2831 non
995 2799 1077 2831 exti-

132 2855 296 2889 mut-runt,
314 2860 369 2884 uec
387 2860 449 2882 non
468 2850 666 2886 mandantes,
683 2849 840 2884 fautorts,
858 2846 1075 2882 consultores,

131 2899 364 2934 adhaerentes,
394 2901 605 2934 executores,
631 2894 853 2935 bonorumque
879 2891 1076 2924 ecclesiasti-

132 2952 240 2977 corum
268 2949 451 2984 emptores,
479 2942 627 2973 maiorem
654 2939 1016 2972 excommunicationem
1044 2945 1078 2967 a-

136 2991 261 3031 liasque
281 2997 435 3021 censuras
454 2992 484 3020 et
505 2996 623 3029 poenas
642 2985 884 3018 ecclesiasticas
902 2984 1076 3017 obstrictos

134 3044 204 3068 esse
232 3039 263 3066 et
291 3035 320 3066 in
348 3038 457 3075 aperto
478 3033 595 3065 vrrs-:ri
615 3031 830 3063 damnationis
851 3033 998 3062 aeternae
1021 3038 1075 3070 pe-

135 3081 253 3113 riente.
277 3080 389 3111 Eodem
407 3088 489 3111 anno
506 3078 615 3110 clarus
629 3077 734 3109 causis
754 3076 881 3116 agendis
897 3075 1074 3107 Armandus

134 3126 267 3159 Rei-etet
294 3126 392 3156 edidit
419 3134 504 3156 suam
535 3122 794 3156 Consultaeione
815 3131 876 3163 per
905 3122 952 3161 9Ιί
979 3119 1074 3152 Ordi-

136 3172 169 3204 ni
197 3171 355 3211 Reliqiosi
381 3170 414 3202 di
442 3170 560 3210 Roma,
590 3178 699 3201 eorum
728 3169 797 3199 iura
821 3167 1010 3202 detendens;
1039 3174 1074 3198 :tc

135 3218 235 3258 legem
263 3217 449 3249 abolitionis
475 3216 659 3249 examinans
687 3214 812 3246 ratione
838 3213 918 3245 iuris
937 3216 1072 3244 naturae

137 3266 170 3296 et
193 3262 432 3301 ecclesiastici,
459 3261 583 3294 nullam
608 3269 644 3294 ac
671 3260 793 3292 irritam
819 3267 892 3292 esse
917 3257 1070 3292 ostendit.

1940 166 1948 199 l
1957 162 2008 199 535)

1116 261 1200 286 rum
1230 249 1358 296 legum
1386 247 1586 284 acerbitas
1613 244 1811 282 succrevit
1829 245 1940 280 novis
1959 243 2059 280 ordi-

1117 303 1336 339 nationibus
1357 301 1412 338 rei
1433 301 1608 349 publicae
1629 299 1909 340 ministrorum,
1925 297 2062 345 quibus

1117 357 1393 403 religiosarum
1416 355 1654 391 familiarum
1675 351 1871 389 communi
1892 352 1928 387 in
1946 351 2061 386 domo

1116 410 1430 446 consociationcs
1455 438 1462 450 ,
1490 413 1530 444 et
1555 418 1681 443 novae
1709 406 1964 442 admissiones
1992 416 2061 452 pro

1116 463 1364 509 regularibus
1406 462 1607 508 utriusque
1647 472 1763 497 sexus
1801 460 1872 495 sub
1910 458 2060 495 severis

1113 517 1379 553 sanctionibus
1399 516 1664 562 prohibentur.
1686 515 1868 550 Funestis
1885 513 2060 549 huiusce-

1116 570 1215 605 modi
1244 570 1391 616 legibns
1419 580 1465 604 ac
1491 568 1661 604 decretis
1686 566 1911 603 coronidem
1933 565 2062 614 posuit

1117 624 1175 660 lex
1204 624 1282 666 illa,
1302 635 1376 671 qua
1406 622 1605 658 Ecclesiae
1625 621 1854 657 auctoritati
1873 624 1913 656 et
1933 619 2060 655 mode-

1117 677 1257 713 rationi
1284 676 1514 713 subductum
1545 675 1612 710 tuit
1640 675 1833 721 publicum
1862 685 1907 709 ac
1935 674 2062 719 priva-

1118 736 1195 766 tum
1221 730 1489 765 doctrinarum
1510 734 1549 765 et
1567 728 1709 764 artium
1730 727 1999 774 magisterium
2023 730 2063 763 et

1115 783 1275 820 docendi
1304 795 1444 819 munus
1470 781 1739 818 concreditum
1767 780 1985 816 hominibus
2003 791 2063 815 su-

1113 842 1270 884 spectae
1298 836 1385 872 fidei
1422 840 1488 872 ant
1514 835 1662 881 apertis
1697 834 1900 870 Ecclesiae
1935 833 2061 869 inimi-

1115 892 1182 934 cis,
1209 895 1249 927 et
1275 891 1337 938 qui
1366 901 1441 925 non
1468 889 1693 924 dubitarunt
1721 888 1900 924 atheismi
1929 887 2062 934 impie-

1115 951 1234 980 tatem
1264 944 1414 991 publice
1443 942 1631 988 profiteri.

1163 998 1290 1038 Quum
1319 998 1370 1033 ita
1399 1009 1462 1034 res
1489 1002 1613 1039 esset,
1643 1001 1773 1032 tamen
1797 1007 1872 1030 non
1901 994 2066 1031 deerant

1116 1052 1290 1087 homines
1314 1081 1320 1092 ,
1348 1050 1409 1097 qui
1437 1050 1520 1085 sive
1550 1061 1618 1096 pet·
1645 1049 1816 1096 publicas
1844 1048 2061 1095 ephemeri-

1115 1105 1204 1147 des,
1230 1105 1312 1140 sive
1342 1103 1599 1150 peculiaribus
1625 1103 1803 1149 scriptis,
1831 1102 1912 1137 sive
1941 1102 2064 1148 impu-

1115 1158 1293 1194 dentibus
1341 1158 1587 1193 sermonibus
1641 1157 1806 1203 plurium
1854 1155 2063 1191 occasione

1119 1219 1382 1247 conventuum
1411 1211 1551 1246 habitis
1569 1239 1577 1253 ,
1604 1209 1814 1245 obtrudere
1841 1213 1880 1245 et
1908 1219 2066 1256 persua·

1117 1266 1210 1301 dere
1238 1265 1387 1312 populis
1406 1264 1648 1299 conabantur
1668 1263 1768 1298 lianc
1795 1262 1944 1298 Summi
1967 1262 2063 1298 Pon-

1117 1320 1228 1356 tineis
1256 1320 1291 1355 in
1320 1319 1426 1355 Urbe
1454 1318 1715 1354 conditionem
1746 1317 1863 1352 talem
1894 1328 1995 1359 esse,
2023 1319 2066 1351 ut

1116 1375 1237 1411 etiam
1264 1374 1334 1409 sub
1369 1373 1528 1409 alterius
1566 1371 1766 1418 potestatis
1800 1370 2066 1406 dominatione

1118 1431 1350 1466 constitutus
1374 1459 1381 1472 ,
1410 1430 1526 1477 plena
1551 1428 1736 1464 libertate
1764 1427 1841 1462 frui
1872 1426 1994 1475 possit
2019 1438 2066 1462 ac

1121 1485 1326 1533 tranquille
1354 1489 1394 1520 et
1422 1485 1534 1531 plene
1561 1495 1631 1519 suo
1658 1493 1844 1530 supremo
1873 1481 2067 1528 spirituali

1120 1539 1289 1586 primatu
1317 1538 1511 1585 perfungi.
1534 1537 1592 1572 Ad
1619 1547 1735 1585 quam
1754 1536 1979 1583 opinionem
2003 1547 2068 1582 pu·

1119 1593 1215 1628 blice
1243 1592 1316 1640 ipsi
1343 1591 1673 1633 confirmandam,
1702 1603 1789 1627 cum
1820 1589 2001 1637 Episcopi
2029 1593 2069 1626 et

1118 1646 1254 1683 fideles
1287 1658 1336 1682 ex
1362 1646 1508 1682 exteris
1537 1645 1661 1693 plagis
1688 1645 1735 1681 ad
1765 1644 1995 1680 Pontificem
2015 1643 2068 1678 vi-

1118 1700 1282 1737 sendum
1309 1699 1567 1742 accederent,
1595 1700 1677 1735 sive
1704 1710 1791 1734 curn
1819 1709 1956 1734 eorum
1986 1697 2069 1745 pios

1120 1759 1254 1790 coetus
1280 1753 1326 1789 ad
1362 1765 1473 1789 suurn
1506 1757 1761 1800 conspectum
1798 1752 1978 1788 Pontifex
2006 1751 2069 1787 ud-

1120 1808 1306 1850 mitteret,
1326 1808 1407 1843 sive
1435 1819 1522 1843 cum
1543 1807 1683 1854 impios
1703 1818 1820 1842 ausus
1839 1811 1976 1842 contra
1998 1806 2072 1841 Ec*

1119 1861 1278 1897 elesiam
1298 1861 1387 1897 Suis
1407 1861 1454 1897 ad
1473 1873 1539 1897 eos
1559 1861 1806 1897 sermonibus
1825 1860 2067 1907 deploraret,

1120 1915 1164 1950 de
1198 1915 1390 1951 industria
1422 1919 1462 1950 et
1494 1915 1634 1951 callide
1669 1913 1833 1950 incautis
1865 1913 2067 1949 insinuare

1120 1967 1354 2010 studebant,
1393 1967 1623 2003 Pontificem
1656 1967 1787 2013 reipsa
1822 1966 1936 2012 plena
1966 1970 2070 2012 pote-

1121 2027 1223 2057 state
1251 2026 1290 2057 et
1318 2021 1500 2056 libertate
1529 2021 1631 2063 frui,
1660 2026 1740 2056 tum
1769 2019 1962 2066 loquendi,
1991 2024 2069 2055 tum

1122 2074 1338 2120 excipiendi
1365 2073 1524 2114 fideles,
1557 2078 1635 2109 tum
1666 2073 1887 2109 Ecclesiam
1917 2073 2073 2108 univer-

1121 2139 1203 2163 sam
1237 2127 1656 2170 administrandi.Pins
1684 2126 1753 2172 Pp.
1789 2127 1841 2161 IX
1873 2126 2071 2161 allocutio-

1123 2193 1169 2217 ne
1197 2182 1330 2217 habita
1355 2181 1416 2216 die
1447 2181 1489 2216 12
1517 2181 1645 2216 martii
1664 2180 1766 2221 1877,
1786 2180 1832 2215 de
1859 2179 1964 2215 hisce
1993 2191 2072 2216 rna-

1126 2236 1170 2271 lis
1191 2236 1340 2270 artibus
1367 2241 1538 2281 questus,
1565 2235 1621 2270 sic
1647 2234 1879 2271 Cardinales
1904 2234 2073 2281 alloque-

1128 2291 1254 2325 batur:
1277 2302 1295 2322 «
1318 2289 1464 2323 Mirum
1492 2288 1613 2323 Nobis
1640 2292 1699 2323 est
1718 2286 1817 2334 quod
1838 2286 1930 2322 talia
1949 2287 2069 2334 impu-

1127 2344 1265 2379 denter
1281 2343 1420 2378 iactari
1440 2341 1720 2388 possint,quasi
1742 2341 1972 2377 exercitium
1993 2342 2072 2377 itto-

1129 2408 1212 2432 rum
1231 2401 1389 2433 actuum
1406 2396 1468 2443 qni
1488 2399 1743 2432 recensentur
1759 2395 1871 2442 plene
1891 2399 1931 2431 et
1948 2396 2070 2430 omni-

1129 2463 1176 2486 no
1196 2458 1301 2487 esset
1328 2452 1366 2486 in
1385 2451 1531 2485 Nostra
1550 2453 1758 2496 potestate,
1779 2453 1818 2484 et
1837 2450 1943 2496 quasi
1965 2450 2001 2484 in
2022 2449 2067 2486 iis

1129 2510 1209 2541 tota
1235 2504 1528 2552 gubernationis
1548 2504 1750 2539 Ecclesiae
1771 2505 1885 2546 ratio,
1905 2514 2003 2550 quae
2024 2503 2072 2539 ad

1129 2570 1265 2594 munus
1285 2558 1474 2593 Nostrum
1493 2557 1674 2603 pertinet,
1692 2556 2073 2597 contineretur-Quis

1126 2612 1231 2650 enim
1259 2612 1383 2648 nescit
1409 2623 1483 2646 non
1511 2611 1580 2646 sub
1599 2611 1742 2646 Nostra
1768 2610 1835 2646 sed
1862 2611 1932 2646 sub
1953 2610 2073 2645 domi-

1127 2666 1301 2702 nantium
1332 2670 1522 2712 potestate
1558 2676 1642 2700 essc
1671 2671 1781 2700 actus
1812 2664 1895 2700 eius
1915 2664 2073 2700 liberta.-

1128 2720 1175 2756 tis
1208 2731 1324 2767 quam
1360 2723 1566 2765 tantopere
1596 2718 1814 2761 extollunt,
1848 2718 1901 2754 ita
1934 2722 1976 2753 ut
2009 2728 2072 2754 ea-

1128 2779 1239 2810 tenus
1279 2778 1316 2808 et
1357 2771 1501 2807 tamdiu
1544 2771 1701 2808 eosdem
1743 2776 1854 2807 actus
1881 2783 2070 2808 exercere

1129 2827 1334 2876 possimus,
1361 2831 1552 2873 quatenus
1578 2831 1618 2862 et
1643 2826 1826 2873 quamdiu
1852 2825 1924 2861 hoc
1951 2826 1998 2861 ab
2027 2826 2072 2862 iis

1129 2894 1203 2918 non
1231 2880 1785 2926 impediatur-2...Vetlemus,
1805 2880 1868 2927 qui
1895 2879 1951 2916 sic
1977 2879 2072 2916 scri-

1127 2937 1220 2971 bunt
1247 2934 1307 2969 vel
1335 2934 1567 2980 loquuntur,
1596 2945 1662 2969 eos
1688 2945 1908 2980 agnoscere
1944 2933 2072 2969 convi-

1128 3031 1261 3063 ineius
1298 3027 1491 3060 sententiam
1532 3027 1770 3060 descenderunt
1807 3028 1954 3060 illustres
1992 3027 2070 3060 iuris

1130 3075 1271 3109 consulti
1299 3074 1439 3105 omnium
1468 3073 1646 3113 nationum,
1676 3074 1924 3106 universitatum
1949 3072 2074 3105 studio-

1129 3131 1195 3152 rum
1225 3125 1462 3155 antecessores,
1490 3121 1520 3149 et
1547 3119 1766 3157 magiszrnus,
1787 3119 1902 3162 quibus
1921 3118 2070 3150 omnibus

1128 3175 1277 3199 summani
1305 3163 1498 3206 comparavit
1524 3164 1747 3197 auctoritatem
1764 3167 1848 3198 vPius
1872 3164 1926 3205 Pp.
1949 3163 1989 3194 lx
2009 3172 2067 3195 suo

1128 3212 1303 3254 apostolico
1332 3211 1421 3242 Brevi
1448 3210 1498 3241 die
1525 3209 1543 3241 9
1563 3210 1631 3241 iulii
1655 3210 1738 3243 1873
1756 3210 1912 3243 Arinando
1935 3209 2067 3242 ltevelct

1127 3258 1213 3296 dato,
1239 3266 1309 3289 cum
1339 3255 1487 3288 laudibus
1515 3265 1645 3288 ornans.
