2241 3473
664 165 800 195 stvr:
823 164 876 192 AD
898 161 1182 191 PRAESENTEM
1205 164 1408 191 ΑΕΤΑΤΕΜ

68 235 218 278 definit,
246 244 315 281 per
340 234 605 271 assistentiam
633 235 819 278 divinam,
857 233 929 282 ipsi
966 234 1003 269 in

70 291 185 327 beato
216 288 335 324 Petro
375 289 621 334 promissam,
655 301 702 327 ea
729 289 1006 326 infallibilitate

70 344 230 392 pollere,
258 352 333 388 qua
351 341 504 378 divinus
523 343 761 391 Redemptor
783 342 1003 379 Ecclesiam

66 407 178 433 suam
213 395 250 430 in
282 394 502 431 definienda
534 395 711 432 doctrina
755 396 801 432 de
841 396 914 432 fide
949 394 1007 430 vel

68 448 238 485 moribus
270 448 500 484 instructam
537 460 624 486 esse
662 450 806 492 voluit;
846 449 1008 495 ideoque

67 501 258 538 eiusmodi
277 502 442 537 Romani
465 502 665 538 Pontificis
691 503 935 538 definitiones
964 512 1010 537 ex

67 565 170 597 sese,
201 566 278 590 non
317 560 448 590 autem
476 566 523 591 ex
565 566 758 592 consensu
790 554 1006 596 Ecclesiae,

70 608 381 644 irreformabiles
399 619 500 645 esse.
517 608 556 644 Si
572 609 656 655 quis
671 614 802 645 autem
831 608 917 643 liuic
936 607 1012 642 No-

69 665 176 698 strae
210 661 426 698 definitioni
455 662 725 698 contradicere
744 690 752 703 ‚
784 661 882 708 quod
913 661 1014 697 Deus

70 719 255 753 avertat.
290 715 630 762 praesumpserit;
666 714 877 751 anatliema
911 715 1011 750 sit».

121 768 262 804 Statim
290 779 335 803 ac
362 768 578 815 adprobata
603 772 643 804 et
670 769 918 815 promulgata
944 768 1016 803 fuit

72 821 168 857 haec
196 821 463 863 Constitutio‚
498 821 658 858 Concilii
694 821 833 857 Patres
866 821 1015 857 laetitia

73 874 302 921 gestientes,
321 885 472 909 summo
499 885 545 910 ac
566 874 754 910 infallibili
773 874 861 910 fidei
881 878 919 910 et
938 885 1015 908 mo-

73 939 159 964 rum
189 927 382 974 Magistro
401 929 690 971 acclamarunt;
707 939 853 974 magna
871 927 1016 974 Synodi

75 983 168 1017 aula
183 981 410 1028 personavit
430 981 637 1028 plausibus,
662 981 796 1028 quibus
813 979 1016 1016 multitudo

73 1034 243 1070 fidelium
270 1034 463 1070 Basilicae
490 1035 710 1071 Vaticanae
739 1035 841 1070 alam
863 1034 1019 1080 replens

71 1099 163 1124 suos
190 1098 237 1124 ac
265 1093 559 1136 perstrepentes
587 1089 723 1125 iunxit:
757 1089 874 1124 I'icat
899 1087 1018 1134 Papa

73 1141 335 1189 infallibilis!
378 1141 496 1176 Vicat
549 1141 839 1178 OEcumem'cum
883 1140 1018 1176 Conci-

72 1195 189 1231 lium!
218 1195 336 1231 Vivat
363 1195 546 1231 Ecclesia
573 1195 746 1232 Sancta!
775 1196 815 1231 In
843 1195 900 1231 liis
918 1195 1018 1230 voci-

74 1249 158 1292 bus,
179 1249 314 1296 quibus
340 1250 444 1286 aeris
464 1251 645 1297 campani
665 1250 826 1293 sonitus,
850 1254 1019 1285 tormen—

75 1306 280 1350 torumque
320 1302 551 1339 bellicorum
590 1304 776 1350 strepitus
816 1313 1021 1350 responsa-

75 1356 182 1400 bant‚
199 1357 272 1392 visi
299 1362 389 1392 sunt
415 1357 666 1393 venerabiles
695 1357 870 1393 Praelati
897 1358 1021 1404 lacry-

77 1419 162 1445 mas
187 1421 283 1457 prae
310 1410 450 1457 gaudio
471 1411 686 1453 effundere,
708 1415 747 1446 et
765 1414 899 1446 mutuo
919 1410 1020 1445 hunc

77 1462 183 1498 illum
210 1463 441 1510 amplexari.
465 1464 615 1510 impetu
642 1464 858 1499 huiusmodi
880 1464 1022 1500 restin-

76 1521 154 1560 cto,
175 1516 266 1552 Pius
293 1517 348 1552 IX
375 1518 563 1552 nonnulla
588 1518 711 1553 verba
737 1518 829 1553 fecit
855 1518 1021 1554 Concilii

77 1569 273 1612 Patribus,
300 1582 395 1618 quas
422 1582 538 1607 voces
565 1571 757 1607 elationes
785 1582 830 1607 ac
864 1572 1021 1618 repetiti

79 1624 234 1670 plausus
282 1626 557 1660 obscurarunt.
600 1625 777 1661 Tandem
824 1626 1024 1661 Sanctitas

78 1678 159 1713 Sua
177 1677 277 1713 hanc
296 1678 528 1725 perbrevem
549 1678 838 1714 Allocutionem
857 1678 895 1713 in
926 1679 1022 1715 Con—

80 1731 166 1766 cilio
192 1731 334 1766 habuit:
364 1745 383 1765 «
402 1732 564 1767 Summa
590 1732 666 1767 ista
694 1733 861 1767 Romani
888 1731 1019 1768 Ponti-

79 1784 163 1819 ficis
191 1784 420 1827 auctoritas,
451 1784 710 1821 Venerabiles
735 1785 920 1828 Fratres,
949 1797 1024 1821 non

79 1837 266 1884 opprimit
292 1838 359 1874 sed
386 1837 558 1881 adiuvat,
579 1849 655 1874 non
681 1839 850 1875 destruit
876 1840 944 1875 sed
963 1850 1027 1875 ae-

79 1890 225 1934 dificat,
245 1896 284 1927 et
309 1892 538 1938 saepissime
568 1892 777 1928 confirmat
803 1894 840 1928 in
863 1893 1027 1940 dignita-

82 1948 136 1988 te,
161 1945 245 1981 unit
277 1945 315 1980 in
342 1946 548 1989 charitate,
575 1951 615 1982 et
641 1946 844 1991 Fratrum,
877 1947 1028 1983 scilicet

81 1998 363 2045 Episcoporum
386 2028 394 2042 ‚
434 2000 519 2035 iura
556 2000 688 2035 firmat
727 2006 842 2048 atque
883 2006 1026 2037 tuetur.

82 2051 247 2100 Ideoque
275 2053 344 2096 illi,
371 2054 435 2100 qui
462 2065 563 2089 nunc
590 2054 763 2090 iudicant
789 2055 828 2090 in
857 2065 1027 2091 commo-

82 2105 201 2149 tione,
233 2106 358 2142 sciant
384 2119 460 2143 non
488 2119 574 2144 esse
601 2109 639 2142 in
668 2108 930 2144 commotione
953 2109 1025 2144 Do-

82 2160 242 2195 minum.
272 2160 528 2197 Meminerint
566 2160 665 2208 quod
693 2162 827 2209 paucis
853 2162 900 2198 ab
937 2161 1026 2198 hinc

84 2213 198 2249 annis
215 2214 434 2261 oppositam
455 2219 637 2252 tenentes
653 2216 890 2252 sententiam
911 2217 1028 2251 abun-

84 2265 277 2303 daverunt
301 2268 339 2302 in
366 2280 484 2304 sensu
510 2269 671 2313 Nostro,
691 2275 730 2305 et
748 2270 786 2305 in
805 2281 922 2305 sensu
949 2280 1028 2305 ma-

85 2320 179 2356 ioris
218 2321 343 2368 partis
379 2322 492 2358 huius
531 2323 758 2369 amplissimi
793 2334 1028 2367 consessus,

86 2374 153 2410 sed
181 2378 271 2409 tunc
297 2374 517 2411 iudicarunt
544 2376 581 2411 in
608 2377 745 2423 spiritu
773 2387 895 2412 aurae
914 2376 1025 2412 lenis.

85 2427 284 2474 Numquid
311 2429 348 2463 in
376 2428 512 2465 eodem
539 2430 679 2465 iudicio
705 2430 910 2466 iudicando
930 2430 1029 2465 duae

86 2482 290 2529 oppositae
327 2487 487 2529 possunt
519 2484 689 2520 existere
724 2484 990 2520 conscientiae
1013 2487 1028 2517 ·?

85 2535 208 2572 Absit.
238 2536 433 2572 Illuminet
459 2548 554 2583 ergo
581 2537 686 2574 Deus
712 2550 851 2574 sensus
877 2543 916 2574 et
945 2548 1028 2573 cor-

85 2589 150 2632 da;
176 2594 216 2626 et
240 2590 420 2636 quoniam
446 2590 532 2636 Ipse
558 2591 653 2626 facit
670 2592 866 2627 mirabilia
883 2601 1030 2637 magna

86 2643 207 2687 solus,
233 2643 426 2679 illuminet
451 2655 589 2679 sensus
615 2649 655 2680 et
680 2644 813 2687 corda,
833 2648 875 2680 ut
893 2655 1030 2680 omnes

88 2696 280 2733 accedere
308 2697 457 2744 possint
483 2697 528 2732 ad
557 2698 681 2733 sinum
713 2698 858 2742 Patris,
884 2698 1029 2735 Christi

88 2751 175 2787 Iesu
191 2751 231 2786 in
248 2752 367 2787 terris
385 2750 534 2797 indigni
554 2751 722 2796 Vicarii‚
742 2753 804 2799 qui
825 2764 892 2788 eos
909 2756 1029 2795 amat,

88 2817 157 2842 eos
183 2805 328 2853 diligit,
348 2811 387 2842 et
413 2809 572 2852 exoptat
588 2817 710 2841 unum
728 2817 814 2842 esse
835 2818 921 2842 cum
941 2807 1031 2842 illis.

89 2860 139 2896 Et
164 2860 219 2896 ita
244 2861 358 2896 simul
386 2861 423 2895 in
450 2860 603 2894 vinculo
636 2859 842 2895 charitatis
874 2861 1030 2896 coniun-

89 2914 141 2950 cti
168 2914 363 2961 praeliare
389 2913 582 2960 possimus
608 2912 757 2959 praelia
783 2914 964 2957 Domini,
989 2920 1032 2951 ut

91 2979 168 3004 non
194 2969 318 3005 solum
337 2979 414 3003 non
433 2965 622 3002 irrideant
641 2977 710 3001 nos
729 2966 873 3002 inimici
892 2969 1029 3012 nostri,

89 3023 158 3060 sed
183 3023 346 3059 timeant
372 3021 512 3068 potius,
532 3024 572 3055 et
597 3019 800 3066 aliquando
819 3031 931 3057 arma
950 3033 1033 3058 ma-

90 3077 198 3114 litiae
226 3076 365 3113 cedant
392 3076 427 3110 in
456 3077 666 3120 conspectu
685 3074 883 3117 veritatis,
901 3076 1031 3123 sicque

91 3142 228 3168 omnes
253 3142 343 3166 cum
371 3130 417 3164 D.
446 3128 663 3175 Augustino
691 3126 824 3163 dicere
853 3129 1030 3167 valeant:

92 3197 112 3218 «ι
126 3184 186 3220 Tu
203 3184 353 3220 vocasti
373 3194 433 3219 me
455 3183 490 3218 in
511 3180 739 3218 admirabile
756 3180 887 3217 lumen
907 3186 1032 3226 tuum,

93 3242 169 3275 «et
193 3249 286 3276 ecce
312 3238 425 3275 video
443 3251 476 3272 ».

1873 148 1946 188 381

1110 234 1238 271 Breve
1266 240 1379 281 post,
1411 234 1617 270 occasione
1654 232 1742 270 belli
1777 232 1881 268 inter
1913 232 2005 268 Ger-

1060 298 1196 324 manos
1222 293 1262 325 et
1287 289 1423 325 Gallos
1450 288 1592 331 exorti,
1612 287 1746 323 ltaliae
1773 297 1843 322 rex
1868 286 2006 322 Victor

1059 341 1290 378 Emmanuel
1320 354 1389 389 per
1416 343 1549 390 copias
1575 351 1665 377 suas
1684 339 1880 387 sacrilega
1901 340 2006 375 inva-

1059 394 1167 431 sione
1196 395 1362 431 Romam
1381 396 1568 443 occupari
1585 395 1691 437 fecit,
1711 397 1753 430 ut
1770 393 2001 429 videbimus.

1060 447 1151 484 Inde
1180 448 1359 485 Pontifex
1383 478 1391 492 ,
1421 450 1489 485 sub
1516 448 1645 484 hostili
1672 447 1938 483 dominatione
1965 450 2006 482 et

1062 506 1256 548 potestate
1283 503 1519 538 constitutus
1539 531 1547 545 ,
1575 502 1611 536 in
1639 500 1840 537 exercitiis
1871 510 2010 547 supre-

1062 564 1147 590 mae
1175 566 1269 591 suae
1305 555 1552 592 auctoritatis
1583 554 1790 590 admodum
1826 552 2010 600 impedie-

1064 607 1177 643 batur
1190 637 1198 650 ,
1216 608 1423 645 Vaticanis
1451 608 1633 644 Patribus
1655 608 1814 643 libertas
1832 617 2013 643 necessa-

1064 660 1122 696 ria
1148 666 1187 697 et
1212 666 1405 698 securitas
1430 662 1478 698 ad
1506 661 1665 708 negotia
1684 661 1884 697 Ecclesiae
1905 665 2007 696 trac-

1066 714 1184 750 tanda
1210 714 1349 751 deerat
1369 744 1377 758 ‚
1406 720 1445 752 et
1471 716 1518 751 ob
1546 715 1647 751 bella
1672 725 1719 750 ac
1751 713 2012 762 perturbatio-

1067 778 1135 802 nes
1179 779 1310 804 rerum
1344 769 1463 805 variis
1497 769 1535 804 in
1571 768 1807 815 regionibus,
1827 767 2012 814 Episcopi

1067 821 1176 856 multi
1197 821 1273 857 iam
1292 833 1315 858 a
1329 823 1408 858 suis
1423 822 1600 859 ecclesiis
1619 821 1760 858 diutius
1775 821 1913 857 abesse
1933 831 2010 856 non

1071 879 1267 922 poterant.
1290 877 1390 913 Hinc
1410 877 1504 912 Pius
1524 876 1596 923 Pp.
1616 877 1669 912 IX
1688 875 1750 912 die
1776 875 1822 912 20
1847 874 2017 910 octobris

1074 928 1162 965 1870
1178 929 1359 965 Vaticani
1375 930 1539 967 Concilii
1569 929 1873 965 celebrationem
1893 939 2014 975 usque

1071 981 1118 1017 ad
1145 982 1246 1018 aliud
1265 986 1521 1031 opportunius
1540 987 1579 1019 et
1597 982 1841 1018 commodius
1860 986 2013 1029 tempus

1073 1047 1143 1082 per
1170 1037 1210 1072 S.
1235 1037 1376 1074 Sedem
1397 1037 1691 1080 declarandum,
1711 1036 1937 1083 Apostolica
1952 1034 2017 1072 au-

1072 1090 1257 1127 ctoritate
1285 1091 1487 1138 suspendit
1505 1094 1531 1124 1.

1128 1143 1187 1179 76.
1230 1144 1386 1180 Bellum
1437 1144 1875 1180 Franco-Borassicam
1916 1148 1924 1187 (
1951 1156 2015 1180 an.

1078 1196 1319 1239 1870)-lam
1347 1210 1467 1246 supra
1492 1198 1765 1235 enarravimus
1792 1199 1928 1245 quibus
1955 1210 2022 1246 pe-

1075 1251 1208 1287 riculis
1227 1253 1352 1295 Italia,
1374 1253 1588 1288 Germania
1607 1257 1646 1289 et
1663 1253 1791 1288 Gallia
1811 1254 2022 1289 versaban-

1075 1307 1137 1339 tur
1158 1305 1369 1353 quibusque
1391 1306 1554 1350 artibus,
1570 1307 1748 1354 quamvis
1762 1307 1930 1350 occulte,
1945 1307 2020 1343 Na-

1076 1358 1216 1404 poleon
1246 1360 1293 1395 Ill
1322 1360 1538 1403 nitebatur,
1564 1365 1607 1396 ut
1633 1360 1853 1397 Sabaudiae
1885 1360 2024 1396 domus

1078 1412 1271 1459 reliquam
1299 1414 1451 1450 Italiam
1469 1413 1517 1450 ad
1532 1425 1573 1450 se
1589 1418 1856 1450 converteret.
1872 1414 2022 1451 Verum

1081 1466 1184 1501 enim
1211 1478 1307 1503 vero
1331 1496 1338 1510 ‚
1366 1468 1454 1504 dum
1483 1469 1704 1515 Imperator
1743 1469 1945 1504 Gallorum
1973 1468 2021 1503 ad

1078 1519 1232 1556 Italiam
1251 1521 1481 1567 erigendam
1497 1532 1650 1557 summa
1669 1533 1742 1568 ope
1758 1522 2024 1566 incumbebat,

1081 1573 1239 1620 imperii
1259 1574 1318 1610 sui
1337 1575 1589 1611 fundamenta
1606 1575 1855 1619 moliebatur,
1872 1576 1928 1611 uti
1947 1576 2023 1611 cla-

1078 1626 1146 1662 des
1162 1627 1264 1674 apud
1283 1628 1552 1672 Sadowam,et
1571 1629 1768 1665 Sedanum
1785 1634 1950 1676 accepta
1965 1640 2022 1665 sa-

1079 1680 1128 1715 tis
1147 1685 1361 1728 aperteque
1390 1682 1573 1725 ostendit,
1603 1682 1649 1718 de
1678 1683 1830 1718 iactatis
1847 1682 2023 1718 victoriis

1080 1734 1299 1780 Solpherini
1314 1735 1630 1772 etCastrifidardi
1644 1736 1727 1771 fere
1741 1747 1885 1783 poenas
1901 1736 2024 1772 luens-

1082 1788 1269 1823 Attamen
1296 1799 1413 1835 quum
1441 1789 1577 1824 Italiae
1605 1789 1789 1825 donasset
1821 1789 2028 1833 Venetias‚

1081 1840 1157 1875 sibi
1185 1841 1233 1876 ab
1252 1841 1497 1888 Imperatore
1512 1843 1710 1878 austriaco
1728 1843 1894 1886 delatas,
1918 1846 2026 1890 opta-

1080 1899 1160 1928 tam
1188 1893 1380 1930 unitatem
1414 1895 1597 1931 italicam
1630 1896 1836 1943 Napoleon
1871 1907 2027 1942 compo-

1079 1947 1170 1991 suit,
1192 1952 1230 1983 et
1249 1949 1523 1994 germanicum
1549 1949 1762 1996 imperium
1795 1950 1868 1987 etsi
1902 1950 2023 1986 invite

1080 2001 1296 2045 constituit,
1314 2006 1512 2038 sectarum
1533 2003 1685 2050 placitis
1711 2004 1906 2047 arridens,
1924 2015 2022 2051 quae

1081 2059 1138 2090 tot
1156 2055 1350 2091 malorum
1371 2068 1459 2092 eum
1481 2061 1684 2093 auctorem
1701 2057 1902 2103 professae
1916 2062 2018 2094 sunt.

1081 2108 1280 2145 Interdum
1297 2109 1358 2146 die
1380 2111 1423 2146 14
1447 2111 1529 2146 iulii
1549 2111 1640 2148 1870
1654 2111 1858 2159 Napoleon
1878 2112 2022 2148 Borus-

1080 2161 1162 2198 siae
1196 2163 1338 2198 bellum
1371 2164 1521 2208 ciebat,
1548 2164 1635 2207 sed,
1669 2164 1836 2201 adverso
1871 2170 2021 2209 marte,

1083 2216 1283 2252 Gallorum
1295 2218 1472 2254 exercitu
1490 2218 1576 2253 fuso
1595 2222 1635 2254 et
1652 2219 1859 2254 interfecto
1879 2219 2022 2255 Sedani

1084 2279 1197 2305 arma
1222 2281 1366 2317 magno
1386 2283 1473 2308 cum
1492 2271 1686 2308 dedecore
1714 2273 1925 2309 Guilielmo
1946 2277 2024 2308 tra-

1080 2323 1174 2359 didit
1208 2323 1269 2360 die
1303 2324 1326 2360 2
1358 2326 1594 2373 septembris
1628 2326 1800 2362 eiusdem
1836 2327 1942 2362 anni.
1981 2327 2020 2362 Id

1079 2388 1197 2412 unum
1225 2389 1375 2425 quoque
1408 2378 1565 2425 dignum
1594 2385 1815 2415 memoratu
1842 2380 2023 2424 videtur,

1080 2430 1284 2478 Napoleon
1312 2432 1389 2468 illis
1417 2433 1542 2468 ferme
1570 2433 1717 2476 diebus,
1749 2433 1884 2480 quibus
1912 2445 2026 2481 prae-

1081 2484 1218 2520 sidium
1246 2485 1430 2532 gallicum
1458 2486 1659 2522 Pontificis
1685 2487 1844 2523 missum
1877 2488 2020 2532 Roma,

1079 2542 1122 2574 ut
1147 2539 1407 2575 sectatoribus
1435 2540 1601 2581 faveret,
1630 2542 1835 2584 evocabat,
1858 2541 1897 2577 in
1917 2552 2023 2578 carn-

1080 2593 1137 2640 pis
1162 2592 1457 2640 Wissenburgi‚
1476 2594 1646 2630 worthii
1666 2599 1706 2631 et
1725 2595 1937 2643 Spikereni
1957 2608 2022 2632 co-

1126 2783 1135 2804 ¹
1155 2782 1298 2815 Vaticani
1319 2780 1526 2813 Oecumenici
1545 2779 1678 2814 Concilii
1699 2781 1863 2814 historiam
1881 2780 2023 2822 diligen·

1085 2829 1203 2861 tissime
1229 2827 1421 2868 conseripsit
1449 2827 1613 2865 Eugenius
1641 2826 1776 2859 Cecconi
1796 2851 1804 2866 ,
1838 2836 1926 2860 nunc
1961 2828 2018 2859 Ar-

1083 2875 1307 2917 chiepiscopus
1322 2872 1547 2904 Florentinus.
1563 2872 1644 2904 Huic
1658 2873 1842 2914 perillustri
1858 2871 2023 2905 Canonico

1085 2921 1176 2953 illins
1204 2918 1469 2960 Metropolitanae
1496 2917 1658 2950 Ecclesiae
1682 2919 1761 2951 Pius
1777 2918 1837 2951 ΡΡ.
1858 2918 1899 2950 lx
1920 2919 2025 2950 omnia

1085 2966 1225 3001 arctiivia
1241 2962 1550 3005 aperuitVaticanae
1565 2963 1725 3006 Synodus,
1741 2970 1773 2997 et
1793 2964 1855 2996 Leo
1870 2965 1930 3006 Pp.
1947 2963 2024 2995 XIII

1085 3025 1155 3048 eum
1178 3039 1186 3052 ‚
1212 3010 1289 3042 licet
1314 3008 1597 3050 Archiepiscopum
1624 3009 1843 3043 Florentinum
1867 3036 1874 3049 ,
1909 3009 2026 3041 Romae

1086 3057 1224 3094 retinuit
1249 3055 1350 3087 donec
1375 3062 1526 3086 summam
1555 3054 1735 3096 imponeret
1760 3064 1819 3088 suo
1846 3056 1934 3097 operi
1961 3063 2025 3086 ma-

1087 3115 1175 3139 num.
1209 3100 1299 3139 Quod
1334 3098 1452 3132 Romae
1485 3108 1541 3141 per
1575 3102 1812 3143 typographiam
1841 3100 2023 3132 Vaticanam

1087 3150 1205 3194 prodiit
1230 3145 1578 3185 trihusvoluminibus
1605 3147 1690 3178 in-40
1715 3147 1753 3178 ab
1771 3155 1854 3179 anno
1879 3146 1964 3177 1872
1988 3144 2025 3177 ad

1090 3204 1205 3229 annum
1236 3190 1335 3227 1878,
1363 3190 1421 3223 sub
1447 3190 1558 3223 titulo:
1587 3191 1700 3224 Storia
1718 3192 1770 3225 del
1790 3191 1937 3225 Concilio
1961 3190 2024 3223 Va·

1089 3243 1200 3274 ticam)
1225 3237 1342 3270 scritta
1370 3237 1421 3269 su'
1447 3235 1642 3270 documenti
1668 3239 1840 3279 originali.
