2241 3473
635 163 761 194 VSQVE
790 164 842 191 An
869 164 1183 192 CONVERSIONEM
1211 163 1477 194 CONSTAN'rmt
1506 169 1549 195 M.

123 239 152 267 s.
172 224 351 271 Eusebio,
380 226 535 264 natione
560 228 723 275 Graeco,
742 230 807 278 qui
837 241 882 267 eo
911 228 1065 268 functus

123 282 183 319 est
202 289 324 326 usque
343 279 391 316 ad
408 280 661 319 an.311.-1s
681 282 868 330 Stephani
889 281 905 319 I
927 283 1062 320 decre-

122 336 204 372 tum
233 331 476 377 confirmans,
506 333 719 372 haereticos
748 335 787 372 in
814 335 918 372 Urbe
939 336 1064 373 Roma

120 386 297 424 inventos
316 386 397 422 sola
413 396 569 423 manum
587 388 829 436 impositione
845 388 1065 425 reconcilia-

119 437 189 484 vit,
208 425 265 474 1⁰1ti
287 441 423 475 narrat
445 438 562 476 Liber
583 440 975 489 Pontzficalz‘8.—-Eo
999 453 1066 478 au-

118 493 197 528 tem
215 490 385 528 maxime
405 491 590 530 laudatur
608 490 616 513 ¹
639 493 739 541 quod
755 494 912 541 z'nteyre
925 505 1064 531 serva-

117 600 330 636 mur-tyrum,
344 596 438 627 inter
454 596 574 627 titulos
585 603 823 627 recensentur.
838 597 973 628 Advertit
985 598 1063 629 Tho-

116 637 270 667 massinus
293 637 355 677 (Dc
377 638 484 674 ueteri
505 643 536 668 et
558 648 647 669 nova
672 638 842 669 Ecclesiae
863 638 1063 679 disciplina,

116 681 194 717 part.
213 678 233 714 Ι,
246 678 295 708 lib.
310 677 338 712 ζ’..
353 688 420 718 cap.
433 678 510 719 iffi}
528 679 590 714 ln:
606 679 646 710 Id
657 679 911 711 observandum
926 680 963 710 in
976 691 1063 711 com-

110 719 397 759 pendiosissimis
409 719 483 750 illis
496 726 650 751 veterum
658 720 873 761 Pontificum
888 720 1062 762 Vitis‚quae

116 764 188 790 sunt
204 761 233 791 in
251 766 419 792 memorato
435 762 523 792 Libro
538 762 714 799 Pontificali,
728 762 957 804 presbyteros
969 764 1062 794 ordi-

114 801 413 842 nadperpaucos,
423 802 608 842 Episcopos
621 813 699 834 vero
709 813 978 846 nonnumquam
987 805 1063 844 plu-

115 852 180 873 res.
207 843 315 875 Cuius
342 844 398 874 rei
422 845 515 875 ratio
542 845 580 875 in
599 851 768 884 promptu
792 851 851 877 est.
874 845 945 878 Soli
966 846 1062 876 enim

121 883 204 914 Urbi
225 884 445 926 presbyteros
469 886 555 916 Rom
562 886 626 917 ani
651 885 726 916 Pon
733 886 850 927 ῑίᾔσέε,
876 887 1062 928 Epi-scopos

113 934 194 956 vero
209 925 412 957 Provinciis
426 927 663 967 compluribus
676 928 900 960 ordinabant.

154 966 166 987 ¹
183 967 381 1006 Epigramma
397 967 434 999 de
447 969 504 999 hoc
517 969 660 1001 pontifice
673 969 755 1008 apud
768 971 890 1001 Petrum
903 971 1059 1010 coustant,

114 1010 136 1040 t.
150 1007 165 1040 1
178 1007 292 1049 Epist.
308 1010 383 1041 ΗΒ.
399 1009 484 1047 ΡΡ.,
501 1013 531 1041 et
545 1011 627 1050 apud
644 1011 755 1042 Barou.
769 1011 808 1042 ad
825 1020 875 1044 an.
887 1011 956 1050 357,
968 1021 996 1043 n.
1010 1013 1059 1044 87.

1952 163 2005 201 79

1107 236 1170 269 ret
1182 232 1347 280 foedera
1358 235 1473 282 pacis
1484 234 1558 272 hoc
1573 237 1634 273 est
1646 234 1774 285 legem
1790 247 1814 274 a
1823 235 1999 275 Cornelio
2015 240 2056 277 et

1107 284 1227 322 Lucio
1243 286 1506 326 decessoribus
1520 288 1598 325 suis
1613 287 1733 326 latam
1743 318 1753 334 ‚
1767 300 1844 337 qua
1859 290 2056 338 poeniten-

1106 336 1200 374 tiam
1229 339 1359 376 subire
1380 339 1495 389 Lapsi
1515 341 1769 386 iubebantur,
1798 343 1840 379 ut
1860 342 2054 381 Ecclesia-

1106 390 1227 427 sticae
1240 393 1498 430 communioni
1509 398 1549 431 et
1559 395 1642 443 paci
1658 395 1963 433 restituerentur
1976 395 2056 434 ¹.—

1106 441 1376 480 Successor-em
1397 445 1533 484 habuit
1552 459 1580 484 s.
1602 447 1856 486 Melchiadem
1871 449 1952 486 sive
1970 449 2057 488 Mil-

1107 494 1265 540 tiadem,
1285 507 1427 543 genere
1446 499 1756 539 Afrum—Huic
1776 501 2055 540 Constantinus

1107 547 1158 584 M.
1180 547 1391 596 imperator
1410 550 1623 590 Lateranas
1644 554 1769 592 Aedes
1794 555 1997 600 concessit,
2016 558 2056 594 et

1105 600 1174 637 sub
1204 600 1286 637 eius
1311 602 1534 649 pontificatu
1563 605 1666 644 Deus
1686 607 1914 645 Christianis
1945 608 2052 646 suffi-

1106 653 1252 690 cienter
1271 655 1456 702 probatis,
1476 657 1704 703 firmiorem,
1727 672 1844 709 quam
1864 661 2054 700 hactenus

1105 706 1258 753 experti
1277 710 1402 753 erant,
1424 720 1556 756 pacem
1576 713 1729 758 paravit
1746 725 1814 762 per
1835 714 2056 753 conversio·

1106 770 1193 795 nem
1212 759 1331 808 ipsius
1351 760 1594 800 Constantini
1614 764 1665 802 M.
1687 777 1710 802 a
1742 778 1817 815 qua
1845 778 1985 805 novam
2007 780 2053 806 e-

1103 812 1266 860 pocham
1285 813 1524 853 inchoamus.

1102 1014 1122 1045 C
1144 972 1200 1046 ίδι.
1221 975 1389 1047 Ctyprianus
1412 979 1550 1007 extrema
1571 976 1685 1017 Epist.
1707 979 1757 1018 67,
1773 983 1803 1010 et
1817 980 1900 1020 apud
1916 981 2050 1015 eundem

1126 1023 1181 1046 ous
1197 1024 1236 1047 an
1253 1041 1258 1047 .
