2241 3473
206 139 286 181 336

151 223 387 261 christianos
413 223 635 270 persecutio
661 222 833 265 exarsit,
861 219 1100 269 praesertim

151 278 191 314 in
210 279 373 316 nobiles.
387 277 575 313 Nonnulli
593 276 748 324 quidem
771 276 1018 312 cruciatuum
1038 285 1104 309 ve-

150 331 350 369 hementia
369 330 496 368 territi
518 341 541 366 a
567 330 663 366 Fide
684 331 770 366 Iesu
790 329 937 366 Christi
957 328 1104 364 misere

151 385 395 428 defecerunt3
415 385 590 432 plerique
618 388 751 420 tamen
777 382 816 418 in
844 382 942 420 Fide
968 382 1105 418 invicti

151 439 422 487 perstiterunt:
443 437 481 473 hi
508 438 754 480 muneribus,
781 435 1038 483 dignitatibus
1066 439 1106 471 et

150 492 399 529 facultatibus
420 491 582 539 privati,
603 491 795 539 multique
823 501 910 527 cum
931 489 1106 537 pluribus

151 545 409 583 missionariis
442 545 609 593 relegati
636 548 757 589 sunt,
784 544 874 580 libri
901 543 1106 580 christiani

150 599 624 643 combusti,ecclesiarum
641 598 921 646 inscriptiones
936 597 1106 640 deletae,

149 653 340 700 simulque
367 652 539 688 edictum
566 652 778 696 emissum,
797 663 870 699 quo
898 651 1107 698 magistra-

150 707 250 743 tibus
267 706 336 742 sub
363 717 490 754 poena
508 705 710 753 dignitatis
729 709 770 742 et
788 705 965 741 muueris
994 705 1106 741 amit-

151 760 278 804 tendi,
307 760 478 796 caeteris
504 762 575 796 sub
603 770 732 807 poena
757 759 886 803 exilii,
913 758 963 794 ad
989 769 1108 795 sacra

149 814 365 850 christiana
393 813 566 850 transire
593 813 890 862 prohibebatur.
916 812 992 848 An.
1014 813 1107 849 1814

147 869 391 915 gubernator
408 868 636 916 provinciae
653 867 907 905 Su-tchuenS·
925 878 1106 914 persecu-

148 923 295 959 tionem
322 923 526 968 excitavit,
548 934 649 971 quae
676 921 962 970 praecedentes
989 921 1106 957 velie-

148 977 297 1013 mentia
332 981 373 1013 et
398 977 656 1013 diuturnitate
683 976 891 1024 superavit
914 1004 922 1019 ‚
949 985 1042 1011 mox
1067 975 1106 1010 in

147 1030 245 1066 alias
261 1042 413 1078 quoque
433 1031 659 1077 provincias
676 1033 900 1078 propagata
918 1033 992 1072 est,
1008 1029 1105 1065 mul-

147 1083 270 1131 tisque
287 1084 522 1121 Christianis
541 1088 581 1121 et
599 1083 863 1120 missionariis
882 1082 1002 1118 vitam
1020 1082 1103 1118 abs-

148 1138 244 1173 tulit.
264 1137 368 1174 Prae
388 1137 531 1174 ceteris
550 1138 678 1174 notari
706 1137 845 1184 dignus
866 1139 927 1172 est
944 1136 1105 1172 Gabriel

146 1191 575 1240 Dufresne,episcopus
594 1191 852 1228 Tabracanus
870 1193 912 1225 et
930 1189 1105 1225 vicarius

146 1246 406 1292 apostolicus,
432 1245 472 1281 in
500 1246 704 1293 metropoli
734 1245 963 1292 provinciae
990 1243 1107 1280 istius

147 1300 300 1348 publice
328 1301 458 1349 capite
487 1301 638 1348 plexus.
662 1300 700 1336 In
729 1300 869 1336 eadem
890 1299 1101 1346 metropoli

148 1355 233 1401 plus
261 1366 375 1402 quam
411 1355 481 1393 400
507 1355 726 1392 Christiani
761 1353 974 1391 crudeliter
1010 1352 1104 1389 torti

146 1413 250 1452 sunt,
268 1409 331 1457 qui
358 1409 586 1446 fortitudine
607 1413 646 1446 et
672 1408 899 1445 constantia
916 1419 991 1444 sua
1010 1419 1100 1444 cum

147 1463 319 1512 antiquis
338 1464 577 1513 martyribus
597 1464 771 1500 conferri
791 1467 967 1511 possunt.
985 1463 1101 1498 Anno

148 1517 239 1555 1818
259 1519 483 1565 persecutio
503 1517 756 1567 praecedenti
776 1528 879 1553 anno
899 1516 1044 1564 sopita,
1063 1516 1101 1551 vi

145 1570 294 1609 decreti
320 1573 368 1609 ab
394 1573 479 1620 ipso
502 1573 746 1620 imperatore
766 1571 874 1615 editi,
895 1571 949 1606 ita
970 1581 1102 1606 recru-

146 1625 289 1671 duit‚ut
303 1627 519 1665 Christiani
534 1638 679 1674 magno
695 1637 859 1663 numero
871 1629 1101 1673 torqueren-

148 1684 224 1725 tur,
245 1686 284 1718 et
309 1682 373 1729 qui
395 1694 418 1718 a
444 1682 540 1718 Fide
569 1693 644 1717 non
673 1681 926 1723 deficiebant,
949 1680 1101 1726 relega-

147 1735 558 1781 1··entur;missionarii
585 1740 716 1772 auten]
741 1764 748 1779 ‚
777 1737 839 1783 qui
868 1734 907 1770 in
937 1734 1102 1781 imperio

145 1788 703 1838 deprehendebantur,laqueo
722 1791 1008 1825 enecarentur·
1029 1788 1104 1824 De-

147 1855 253 1879 mum
273 1844 434 1881 an.1845
449 1845 697 1880 Francorum
713 1847 850 1880 orator
867 1846 1104 1879 consecutus

146 1902 218 1941 est,
247 1902 289 1934 ut
311 1898 585 1945 Tae-Kouang
612 1898 833 1945 imperator
869 1896 992 1942 pridie
1021 1896 1105 1932 idus

146 1951 282 1997 aprilis
300 1952 430 1999 legem
450 1952 630 1995 ediderit,
647 1963 725 1999 qua
743 1950 959 1990 Christiani
979 1951 1016 1985 in
1036 1950 1105 1985 im-

146 2005 255 2053 perio
275 2007 610 2049 tolerarentur‚et
625 2007 668 2042 x⁰
685 2005 871 2042 calendas
886 2004 1019 2040 martii
1039 2015 1102 2040 an.

147 2060 347 2106 sequentis
367 2061 533 2096 alterum
551 2060 723 2096 edictum
741 2059 1044 2106 publicarit,quo
1059 2058 1106 2093 iis

148 2112 314 2148 liberum
344 2113 562 2159 Religionis
589 2124 683 2149 suae
711 2112 948 2149 exercitium
977 2116 1016 2147 et
1043 2123 1104 2148 ec-

148 2166 291 2202 clesiae
307 2166 434 2202 adhuc
450 2166 682 2213 superstites
698 2165 1018 2202 restituerentur.
1031 2165 1105 2201 De-

147 2231 253 2256 mum
280 2232 342 2256 an.
375 2220 466 2258 1858
493 2231 628 2257 mense
656 2220 758 2256 Iunio
787 2219 890 2255 inter
918 2220 1103 2255 Sinarum

148 2274 357 2322 imperium
378 2279 495 2323 atque
514 2275 715 2310 Gallorum
737 2279 777 2310 et
798 2273 1016 2320 Anglorum
1037 2285 1105 2320 gu-

148 2329 285 2366 bernia
304 2329 414 2377 pacis
434 2333 628 2365 tractatus
648 2328 817 2365 confecti
843 2331 948 2368 sunt,
969 2327 1006 2362 in
1027 2328 1105 2374 qui-

149 2383 219 2420 bus
247 2395 316 2432 per
337 2387 461 2420 totum
482 2384 669 2420 Sinarum
690 2383 900 2430 imperium
920 2381 1106 2418 Christia-

149 2439 208 2475 nis
235 2439 485 2475 exercendae
525 2437 728 2485 religionis
756 2447 851 2473 suae
879 2436 1041 2472 libertas
1067 2440 1108 2472 et

151 2493 413 2529 missionariis
440 2492 636 2541 protectio
665 2494 914 2528 asseruntur.

196 2547 375 2583 Vidimus
402 2548 523 2584 etiam
552 2548 638 2595 quis
664 2545 785 2582 fuerit
802 2545 960 2580 saeculo
989 2555 1103 2592 prae-

149 2600 303 2637 cedenti
332 2601 536 2649 religionis
563 2600 805 2637 christianae
833 2602 958 2634 status
978 2599 1015 2634 in
1036 2599 1105 2635 Co-

150 2655 360 2692 cliineliina
378 2662 417 2692 et
435 2656 682 2703 Tongkinol.
704 2655 801 2692 Cum
823 2652 1106 2701 posterioribus

151 2709 262 2746 istius
289 2710 438 2746 saeculi
465 2710 579 2746 annis
607 2720 724 2756 reges
749 2707 1107 2746 Cochincliinenses

152 2768 280 2801 terras
309 2766 389 2801 Lao
407 2794 415 2809 ‚
443 2764 744 2806 Cambodscha‚
772 2761 919 2798 Lachto
951 2769 991 2797 et
1018 2761 1106 2796 Bin-

153 2823 272 2863 tuam,
296 2822 415 2857 etiam
438 2831 604 2867 regnum
624 2817 907 2865 Tongkinense
926 2815 999 2851 sibi
1020 2815 1105 2851 sub-

151 2874 364 2919 iecissent,
393 2879 433 2912 et
459 2877 666 2921 assumpto
695 2870 949 2919 imperatoris
979 2869 1106 2912 titulo,

151 2932 267 2976 atque
284 2929 492 2966 clientelae
508 2928 668 2965 foedere
685 2937 773 2963 cum
790 2923 1107 2962 Sinensibusdis-

153 2984 495 3031 rupto,imperium
511 2983 566 3019 sie
579 2983 724 3018 dictum
738 2982 965 3016 Anamense
977 2977 1106 3014 condi-

153 3037 317 3081 dissent,
332 3037 608 3083 (iia-Langlius
627 3036 776 3083 primus
793 3034 1024 3081 imperator,
1042 3032 1105 3080 qui

154 3090 201 3125 ab
229 3101 292 3126 an.
325 3093 416 3129 1800
443 3102 564 3139 usque
591 3090 639 3127 ad
669 3089 762 3126 1820
791 3087 988 3135 regnavit,
1018 3087 1105 3124 reli-

155 3144 312 3190 gionem
343 3146 599 3182 christianam
629 3144 816 3191 protexit,
838 3146 878 3179 et
905 3141 1106 3178 missiona-

203 3249 209 3269 ¹
231 3252 265 3284 I'.
286 3251 350 3282 ⁰285
369 3261 418 3294 sq.

492 153 660 181 EPOCHA
681 130 769 180 iun.
796 153 823 178 A
843 149 1026 178 PVBLICA
1049 147 1197 176 RERVM
1220 149 1263 176 IN
1283 148 1453 176 GALLIIS
1473 146 1766 176 SVBVERSIONE

1153 219 1222 255 riis
1249 218 1482 255 benevolum
1524 228 1567 254 se
1595 216 1786 253 exhibuit.
1813 215 1909 252 Eius
1935 213 2039 251 filius
2063 216 2106 251 et

1152 283 1376 315 successor,
1404 271 1750 319 Mingh-Mangus‚
1779 269 1902 317 patris
1927 267 2109 315 vestigiis

1155 325 1337 362 inhaesit.
1351 326 1499 362 Verum
1519 325 1565 360 ab
1582 335 1684 360 anno
1699 324 1791 361 1830
1808 321 2106 371 persecutiones

1154 383 1293 415 contra
1311 379 1558 418 Christianos
1584 377 1887 415 recruduerunt.
1912 377 1989 412 An.
2017 376 2111 413 1854

1155 434 1375 480 imperator
1403 434 1613 469 Tu-Ducus
1632 431 1952 467 cruentissimum
1977 441 2109 479 perse-

1157 487 1325 524 cutionis
1348 487 1518 524 edictum
1539 489 1680 522 contra
1698 485 1946 523 Christianos
1964 490 2004 523 et
2021 484 2112 522 mis-

1156 541 1544 586 sionarios‚maxima
1563 544 1675 588 parte
1691 539 1827 575 Gallos
1842 543 1883 575 et
1895 540 2109 587 Hispanos,

1157 596 1440 643 promulgavit.
1461 595 1521 631 Ab
1540 595 1612 630 hoc
1632 597 1812 641 tempore
1839 592 2055 630 Christiani
2071 592 2111 628 in

1157 649 1486 687 Cochinehinensi
1501 648 1668 695 imperio
1683 658 1828 684 saevae
1845 645 2112 696 persecutioni

1157 706 1198 739 et
1223 704 1512 740 cruentissimis
1532 701 1735 750 suppliciis
1760 702 1922 738 fuerunt
1941 699 2111 737 obnoxii.

1159 757 1379 804 Imperator
1406 757 1610 794 Gallorum
1637 759 1677 792 et
1707 755 1944 802 gubernium
1970 754 2112 802 Hispa-

1158 810 1263 853 niae,
1285 822 1401 858 quum
1422 812 1569 846 frustra
1589 812 1809 846 tentassent
1826 809 2113 856 imperatorem

1158 864 1206 900 ab
1234 864 1368 912 iniqua
1399 869 1540 901 eontra
1565 862 1811 901 Christianos
1836 862 2114 911 persecutione

1158 919 1365 963 reducere,
1378 930 1481 955 anno
1502 919 1594 955 1858
1610 916 1901 965 expeditionem
1915 920 2115 953 armatam

1158 977 1296 1009 contra
1324 972 1664 1010 Cochincliinense
1691 982 1761 1007 seu
1792 971 2020 1007 Anamense
2046 970 2116 1005 im-

1158 1027 1310 1073 perium
1340 1030 1616 1068 susceperunt.

1204 1080 1262 1117 32.
1291 1080 1535 1117 Missionum
1559 1080 1747 1115 status—
1762 1077 1951 1115 Generali
1977 1079 2111 1114 autem

1157 1144 1293 1170 rerum
1315 1134 1636 1181 perturbatione,
1656 1143 1772 1180 quam
1800 1130 2011 1179 postremis
2030 1141 2116 1167 sae-

1157 1187 1234 1223 culi
1263 1187 1539 1235 praecedentis
1554 1191 1594 1223 et
1609 1187 1746 1234 primis
1762 1186 1984 1234 praesentis
2002 1183 2116 1220 annis

1158 1241 1319 1289 Europa
1346 1252 1536 1289 perpessa
1563 1245 1637 1284 est,
1658 1240 1778 1276 etiam
1806 1243 1935 1276 status
1960 1237 2117 1275 Missio-

1159 1306 1251 1331 num
1280 1296 1317 1331 in
1347 1296 1539 1339 Oriente,
1568 1295 1686 1331 Indiis
1712 1298 1753 1331 et
1785 1294 1974 1330 America
1998 1292 2115 1329 decli-

1158 1349 1277 1386 navit.
1310 1350 1484 1386 Sublatis
1502 1350 1646 1397 quippe
1665 1350 1703 1385 in
1723 1350 1884 1396 Europa
1900 1346 2114 1384 Ordinibus

1158 1403 1358 1450 religiosis
1384 1409 1423 1441 et
1451 1404 1684 1440 missionum
1704 1402 1943 1446 seminariis,
1962 1401 2113 1437 missio-

1159 1458 1363 1494 nariorum
1393 1458 1559 1506 penuria
1586 1461 1725 1494 secuta
1752 1461 1826 1494 est.
1855 1456 2047 1492 Pontifice
2073 1457 2114 1491 et

1158 1512 1435 1549 Cardinalibus
1451 1511 1619 1559 captivis
1635 1517 1702 1547 aut
1719 1511 1922 1558 dispersis,
1941 1519 2112 1546 commu-

1154 1566 1300 1603 nicatio
1328 1578 1419 1604 cum
1455 1566 1708 1602 missionibus
1735 1566 1809 1601 fuit
1836 1563 2047 1612 impedita,
2073 1566 2114 1599 et

1156 1620 1329 1657 subsidia
1368 1621 1606 1668 interrupta.
1647 1620 1859 1656 Missiones
1885 1618 2114 1655 Orientales

1154 1675 1335 1721 gubernii
1350 1675 1546 1711 Gallicani
1563 1673 1812 1722 protectione
1831 1671 2113 1716 orbatae,Tur·

1155 1739 1291 1765 carum
1315 1758 1323 1774 ‚
1359 1728 1708 1765 schismaticorum
1740 1733 1781 1764 et
1817 1726 2111 1764 haereticorum

1155 1784 1390 1820 vexationes
1417 1783 1633 1820 subierunt.

1204 1837 1310 1875 Pace
1337 1838 1375 1873 in
1405 1838 1564 1885 Europa
1593 1837 1776 1873 restituta
1802 1839 1842 1873 et
1867 1834 2034 1871 firmiori
2053 1844 2115 1870 or—

1156 1893 1245 1929 dine
1275 1892 1497 1929 introducto
1519 1921 1528 1936 ,
1562 1891 1703 1928 melior
1738 1903 1829 1939 spes
1863 1889 2115 1927 missionibus

1156 1947 1314 1984 affulsit.
1340 1947 1475 1994 Reges
1493 1946 1647 1983 Galliae
1668 1944 1942 1993 tranquillitati
1963 1943 2117 1979 missio-

1159 2012 1251 2036 num
1280 2000 1547 2037 Orientalium
1576 2000 1872 2036 consuluerunt.
1893 1997 2116 2034 Ludovicus

1156 2055 1286 2091 XVIII
1314 2066 1377 2091 an.
1401 2054 1493 2092 1816
1511 2054 1872 2101 Congregationem
1894 2051 2114 2088 Lazarista-

1159 2121 1245 2145 rum
1275 2108 1446 2145 restituit
1471 2112 1512 2144 et
1534 2108 1676 2155 amplis
1704 2106 1894 2143 reditibus
1913 2105 2114 2149 instruxit,

1157 2173 1258 2210 quae
1280 2162 1454 2210 pluribus
1482 2169 1561 2198 tum
1590 2160 1860 2197 sacerdotibus
1886 2163 1971 2196 tum
1991 2158 2115 2195 alum-

1158 2217 1218 2252 nis
1246 2220 1364 2253 aucta
1385 2245 1393 2260 ‚
1421 2216 1523 2252 sicut
1556 2215 1742 2251 Romana
1766 2212 2036 2261 Congregatio
2063 2211 2112 2248 de

1160 2269 1425 2318 Propaganda
1454 2268 1548 2305 Fide
1566 2298 1574 2313 ‚
1603 2280 1726 2305 novos
1751 2267 1958 2316 operarios
1985 2266 2034 2303 ad
2060 2265 2115 2302 di-

1157 2335 1298 2362 versas
1324 2324 1528 2360 missiones
1555 2322 1783 2359 destinavit.
1803 2322 1951 2358 Eorum
1981 2331 2113 2356 nume-

1159 2390 1225 2414 rus
1253 2381 1392 2414 auctus
1409 2381 1471 2414 est
1489 2388 1509 2413 e
1527 2376 1719 2413 restitutis
1734 2375 1880 2412 sensim
1896 2373 2109 2411 Ordinibus

1159 2432 1370 2479 religiosis,
1398 2431 1569 2468 maxime
1598 2442 1618 2467 e
1648 2431 1849 2468 Societate
1877 2430 1984 2474 Iesu,
2012 2438 2112 2477 quae

1158 2486 1296 2523 eodem
1327 2497 1373 2523 ac
1400 2485 1592 2534 quondam
1629 2485 1772 2522 ardore
1807 2484 1853 2522 de
1881 2483 1996 2520 Fidei
2022 2493 2111 2531 pro-

1159 2541 1373 2588 pagatione
1402 2541 1506 2577 inter
1533 2540 1724 2584 ethnicos,
1744 2538 1968 2576 haereticos
1994 2541 2110 2585 atque

1159 2595 1433 2631 schismaticos
1450 2594 1614 2641 populos
1629 2598 1818 2630 meretur.
1834 2592 2054 2639 Praeterea
2068 2591 2113 2626 v⁰

1159 2660 1284 2686 nonas
1311 2649 1403 2685 maii
1425 2649 1516 2685 1822
1543 2648 1723 2695 Lugduni
1743 2647 1924 2685 instituta
1948 2645 2022 2682 fuit
2047 2655 2110 2681 ce-

1159 2704 1371 2740 leberrima
1398 2703 1577 2739 Societas
1604 2714 1674 2750 pro
1708 2699 1967 2751 propaganda
1997 2699 2108 2742 Fide,

1159 2758 1269 2794 cuius
1298 2757 1478 2794 membra
1497 2768 1637 2804 preces
1663 2761 1702 2793 et
1727 2757 2002 2803 eleemosynas
2021 2764 2109 2789 oon-

1159 2812 1293 2848 serunt
1319 2811 1636 2859 promissionum
1658 2809 1922 2858 prosperitate
1952 2811 1993 2844 et
2018 2805 2113 2843 indi-

1160 2867 1313 2913 gentiis.
1351 2866 1460 2901 Ilaec
1492 2865 1665 2901 societas
1692 2875 1716 2900 a
1741 2864 1828 2900 RR.
1856 2861 2113 2898 Pontificibus

1160 2921 1221 2967 plu
1229 2920 1334 2955 ribus
1349 2918 1605 2965 Indulgentiis
1616 2918 1852 2954 confirmata
1865 2921 1906 2953 et
1917 2918 2112 2964 promota,

1159 2986 1234 3009 non
1263 2977 1415 3009 tantum
1439 2983 1682 3020 peromnem
1705 2971 1889 3015 Galliam,
1908 2969 1974 3006 sed
1990 2968 2109 3006 etiam

1162 3040 1230 3074 per
1259 3027 1424 3068 ltaliam,
1454 3026 1702 3072 Hispaniam,
1732 3025 1928 3071 Belgium,
1947 3022 2110 3059 Germa-

1160 3082 1286 3124 niam,
1313 3081 1486 3127 aliasque
1516 3080 1702 3126 Europae
1732 3083 1866 3125 partes
1891 3078 2114 3124 propagata

1159 3140 1232 3178 est,
1262 3139 1301 3171 ct
1327 3133 1539 3181 quotannis
1557 3133 1731 3169 subsidia
1756 3141 1902 3179 magna
1920 3128 2112 3166 missioni-

1159 3189 1230 3225 bus
1262 3187 1499 3235 suppeditat.
1529 3187 1676 3227 Quibus
1708 3185 1928 3223 rationibus
1961 3182 2109 3218 sactum

1159 3247 1233 3288 est,
1252 3247 1296 3279 ut
1313 3242 1349 3278 in
1366 3241 1548 3287 Oriente,
1564 3240 1603 3277 in
1621 3239 1743 3284 India,
1766 3240 1802 3276 in
1821 3238 1938 3284 Sinis,
1957 3237 2108 3282 Siamo‚
