2241 3473
792 139 918 170 VSQVE
947 139 1000 166 ΑΙ)
1029 139 1302 167 INNOCENTIVM
1331 140 1384 167 111.
1981 130 2006 166 7

118 215 216 242 aevo
242 201 452 252 episcopos,
475 201 695 251 theologos,
715 202 920 251 principes,
940 201 1062 238 iuris-

119 255 335 299 consultus,
354 255 573 293 huiusmodi
604 258 830 304 potestatem
861 255 898 292 in
920 255 1064 292 Roma-

119 322 166 347 no
188 308 375 347 Pontifice
396 309 599 356 agnovisse
615 339 624 354 ,
652 312 691 345 et
719 309 922 357 potestatis
952 307 1064 345 huius

118 361 344 400 exercitium
367 362 544 399 societati
563 361 797 399 christianae
827 360 943 397 fuisse
975 372 1063 409 pro-

118 415 277 457 ficuum,
298 415 432 452 turbas
454 427 544 452 voro
573 415 610 451 in
639 414 824 451 societate
846 413 1038 450 excitatas
1055 443 1064 459 ,

117 480 192 506 non
204 468 289 505 RR.
303 468 535 505 Pontificum
552 466 824 515 potestati,sed
844 466 906 502 vel
927 467 1064 514 princi-

118 532 206 570 pum
225 521 471 570 perversitati
490 521 550 558 vel
568 520 652 558 aliis
664 519 1064 557 causisattribuendas

116 586 213 619 esse,
235 575 347 611 liuius
370 574 508 611 aetatis
530 578 777 610 monumenta
796 575 992 608 testantur
1015 571 1037 609 ¹.

171 627 300 670 Quum
323 629 488 676 primum
510 626 685 674 Gregorii
703 625 775 662 VII
793 625 830 661 in
852 624 1064 661 Henricum

119 680 172 718 lv
199 682 392 719 sententia
425 681 462 717 in
484 680 731 717 Germaniam
765 678 894 714 delata
922 677 1063 722 fuerat,

119 735 232 771 multi
271 738 398 782 partes
445 733 602 770 Henrici
647 733 914 768 deseruerunt.
954 730 1062 767 Varii

120 788 325 836 praesules,
346 787 411 834 qui
431 785 686 823 conciliabulo
713 784 996 822 wormatiensi
1013 784 1065 820 in-

118 840 354 883 terfuerant,
392 838 670 877 emendationis
707 837 857 874 litteras
897 836 1063 877 Romam

118 893 317 937 miserunt,
338 892 527 941 Gregorio
548 891 621 928 VII
641 890 901 928 obedientiam
924 889 1063 938 profes-

118 947 146 983 si
178 950 266 983 sunt
295 948 334 982 et
363 946 640 994 poenitentiam
671 943 938 992 postularunt,
968 954 1063 991 quos

120 998 303 1036 Pontifex
332 999 496 1047 benigne
524 997 705 1045 suscepit.
737 996 896 1033 Illorum
927 1007 1061 1032 exem-

118 1052 180 1100 plo
196 1052 366 1100 plerique
388 1055 591 1100 magnates
611 1051 658 1087 ab
681 1049 850 1086 Henrico
871 1049 1060 1086 discesse-

119 1110 210 1142 runt
230 1102 254 1141 Β.
277 1104 317 1141 In
341 1105 454 1142 Italia
483 1116 574 1141 vero
604 1103 771 1152 episcopi
796 1101 1038 1150 Longobardi
1055 1132 1064 1148 ,

117 1158 193 1194 iam
209 1158 246 1194 in
266 1159 442 1195 Romana
458 1157 602 1205 synodo
619 1155 958 1200 excommunicati,
975 1166 1063 1192 cum

119 1210 305 1248 Guiberto
341 1211 625 1259 archiepiscopo
655 1208 950 1247 Ravennatensi
981 1208 1062 1244 Pa-

118 1265 206 1312 piae
226 1264 470 1312 congregati,
489 1264 527 1300 in
547 1263 674 1311 ipsum
706 1261 935 1299 Pontificem
965 1273 1062 1298 ana-

118 1317 250 1354 thema
270 1318 397 1354 dicere
413 1316 496 1354 ausi
515 1314 642 1354 sunt3.
655 1315 846 1353 Postridie
863 1315 950 1352 idus
965 1317 1065 1351 octo-

118 1369 198 1407 bris
216 1370 315 1407 1076
336 1370 507 1419 plerique
523 1369 716 1418 principes
733 1367 983 1414 Germaniae,
998 1379 1063 1404 ec-

118 1422 323 1460 clesiastici
344 1428 383 1460 et
398 1423 499 1468 laici,
511 1435 598 1460 cum
614 1421 857 1470 Apostolicae
878 1421 988 1457 Sedis
1004 1420 1063 1457 le-

118 1477 234 1524 gatis,
245 1477 426 1514 Siccardo
446 1476 669 1525 patriarcha
682 1475 918 1523 Aquileiensi
935 1479 974 1510 et
987 1474 1066 1511 Alt-

118 1540 260 1566 manno
288 1530 464 1578 episcopo
494 1529 761 1573 Passaviensi,
790 1529 1064 1564 convenerunt

119 1581 360 1628 Triburiam,
381 1586 419 1620 et
449 1586 651 1630 postquam
685 1582 730 1618 de
763 1581 937 1629 eligendo
967 1592 1065 1617 novo

119 1645 212 1683 rege
250 1635 541 1681 deliberassent,
571 1634 739 1672 Henrico
770 1633 1063 1682 significarunt,

119 1688 233 1736 quod,
257 1689 289 1725 si
318 1692 407 1726 ante
435 1689 536 1725 diem
567 1687 875 1725 anniversarium
905 1698 1064 1723 excom-

120 1741 392 1778 municationis
411 1742 483 1779 sibi
501 1740 686 1786 inflictae,
702 1741 749 1777 ab
770 1752 816 1777 ea
836 1752 909 1776 non
931 1739 1066 1776 fuisset

121 1794 331 1839 absolutus,
346 1794 462 1832 sciret
481 1806 521 1831 se
542 1805 659 1842 regno
681 1794 862 1830 orbatum
882 1793 947 1839 iri3
963 1792 1063 1840 quod

120 1848 150 1883 si
189 1847 435 1896 praescriptis
472 1847 753 1885 conditionibus
782 1847 1065 1894 acquiesceret,

120 1911 207 1937 cum
236 1912 281 1937 eo
301 1912 434 1948 pacem
454 1901 596 1937 inirent
616 1904 655 1938 et
676 1901 722 1937 R.
745 1899 975 1936 Pontificem
996 1910 1061 1935 ro-

120 1956 278 2001 garent,
301 1961 344 1990 ut
363 1953 396 1990 is
415 1954 452 1990 in
473 1953 637 1990 comitiis
658 1953 903 2002 generalibus
923 1961 1063 2001 supre-

120 2018 183 2043 ma
201 2017 273 2043 sua
291 2007 524 2044 auctoritate
543 2018 695 2044 causam
718 2005 894 2043 definiret
913 2005 938 2043 ⁴.

172 2059 363 2097 Henricus
384 2060 442 2097 his
461 2060 703 2108 perterritus,
724 2059 829 2096 ocius
850 2059 888 2095 in
910 2058 1063 2096 Italiam

119 2114 354 2161 properavit.
381 2113 490 2150 Tunc
510 2113 693 2150 Pontifex
713 2115 799 2150 erat
817 2112 1009 2149 Canossae
1026 2111 1062 2147 in

122 2165 307 2203 Hetruria
328 2167 428 2215 apud
444 2163 669 2203 Mathildem
687 2165 941 2203 Comitissam.
959 2164 1063 2201 Hen-

120 2218 225 2256 ricus
245 2219 481 2267 colloquium
512 2231 599 2257 cum
629 2219 816 2267 Gregorio
846 2218 969 2266 petiit,
999 2217 1063 2265 qui

120 2271 275 2319 cognita
294 2273 376 2309 eius
395 2273 610 2321 pertinacia
639 2278 678 2309 et
706 2271 937 2309 infidelitate
958 2272 1064 2319 prius

122 2325 293 2372 negavit,
314 2329 442 2374 postea
461 2337 553 2362 vero
573 2326 714 2362 intuitu
735 2325 963 2362 Comitissae
993 2325 1064 2361 hoc

121 2376 156 2413 ei
177 2379 374 2415 concessit.
397 2379 492 2416 Post
510 2379 534 2416 3
551 2379 701 2416 dierum
718 2378 995 2427 poenitentiam
1016 2377 1064 2414 ad

121 2431 378 2478 praesentiam
399 2431 598 2469 Pontificis
627 2432 830 2476 admissus,
855 2434 894 2468 et
913 2431 1064 2479 culpam

123 2482 339 2529 confessus,
369 2484 522 2521 veniam
560 2487 599 2521 et
627 2485 907 2522 absolutionem
941 2484 1063 2532 petiit.

122 2535 334 2585 Gregorius
354 2549 440 2574 eum
461 2538 509 2574 ab
525 2537 926 2575 excommunicatione
945 2537 1066 2574 absol-

122 2589 181 2626 vit
200 2601 245 2627 ea
264 2589 361 2638 lege,
383 2592 424 2627 ut
443 2591 545 2626 omni
566 2590 728 2640 imperio
749 2591 972 2636 abstineret,
993 2590 1064 2627 do-

123 2653 195 2678 nec
214 2643 308 2691 ipse,
328 2655 351 2679 a
371 2643 595 2691 proceribus
615 2643 760 2681 arbiter
780 2643 1064 2692 interpellatus,

123 2706 281 2733 causam
302 2697 385 2733 eius
414 2697 451 2732 in
473 2696 638 2733 comitiis
657 2696 900 2744 generalibus
920 2708 1065 2745 cogno-

122 2748 243 2786 visset
262 2751 301 2786 et
321 2748 559 2786 definitivam
577 2750 810 2786 sententiam
826 2750 989 2794 tulisset,
1013 2751 1067 2786 ut-

123 2812 210 2849 que,
230 2802 269 2839 in
296 2813 456 2851 regnum
477 2803 693 2847 restitutus,
722 2802 901 2839 Pontifici
929 2802 1064 2839 obedi-

125 2859 186 2893 ret
201 2858 240 2892 et
259 2866 369 2904 opem
389 2854 510 2892 ferret
538 2855 586 2892 ad
618 2855 837 2904 reparanda
864 2857 969 2893 mala
988 2855 1065 2892 Ec-

126 2992 209 3033 fictu
225 2994 374 3031 Gosselin,
397 2992 536 3024 Pouvoir
551 2990 592 3022 clu
609 2991 693 3031 Papa
707 2999 750 3021 au
764 2999 879 3031 ¹moyen
904 2991 971 3031 ciqe,
988 2993 1067 3023 Lou-

127 3036 197 3065 vain
214 3034 302 3072 1845,
318 3035 336 3065 ἱ)
353 3035 409 3065 vol.
427 3034 523 3065 ἰη-8.0

166 3074 178 3096 ¹
193 3076 343 3107 Gosselin.
365 3075 439 3107 ibid.

166 3115 185 3148 2.
196 3117 419 3158 schafnaburg.
435 3115 597 3149 Clzron.ad
610 3124 657 3146 an.
672 3113 759 3153 1076;
775 3115 928 3146 Bernried.
946 3116 1004 3147 loc.
1017 3117 1065 3147 cit.

167 3157 183 3180 3
197 3158 319 3197 Barca,
333 3159 371 3188 ad
389 3167 440 3189 an.
456 3157 543 3188 1076.

168 3199 182 3221 ⁴
198 3200 348 3232 Lambert.
360 3199 594 3239 Schafnaburg„
614 3197 734 3230 Chron.
751 3197 790 3229 ad
805 3206 853 3229 an.
871 3197 961 3229 1076.

1107 201 1247 239 clesiae
1285 201 1419 248 illata,
1448 205 1488 241 et
1521 202 1568 240 ad
1603 201 1870 240 reformandos
1903 202 2057 240 abusus.

1108 255 1300 293 Henricus
1319 256 1570 293 iureiurando
1583 255 1769 304 promisit,
1786 266 1827 292 se
1844 255 2060 303 propositas

1108 308 1348 346 conditiones
1366 311 1614 346 servaturum
1636 307 1667 354 ¹3
1689 313 1730 346 at
1761 308 1828 344 vix
1847 307 2060 346 absolutus.

1108 361 1155 399 ad
1179 361 1383 409 pristinam
1406 362 1622 410 nequitiam
1642 361 1772 407 rediit,
1802 363 1842 398 et
1862 361 2060 409 praescri-

1108 419 1193 463 ptas
1213 414 1285 452 sibi
1306 414 1411 464 leges
1431 414 1677 463 contempsit,
1708 417 1751 452 ut
1777 414 1879 452 infra
1907 414 2062 452 videbi-

1110 479 1203 504 mus.

1160 521 1195 557 5.
1217 520 1423 557 Ecclesiae
1442 525 1575 557 status
1594 525 1632 557 et
1663 520 1858 568 Gregsorii
1885 519 1964 557 VII
1978 520 2063 557 sol-

1109 573 1279 610 licitudo
1301 593 1349 601 —
1367 573 1410 609 In
1432 573 1563 610 Gallia
1584 574 1742 611 iuvenis
1772 585 1839 610 rex
1859 572 2064 622 Philippus

1108 638 1168 663 res
1190 626 1360 674 publicas
1379 628 1419 662 et
1439 626 1723 664 ecclesiasticas
1755 627 1908 663 tristem
1928 626 1967 662 in
1991 628 2068 663 sta-

1106 681 1191 715 tum
1211 679 1391 723 coniecit,
1407 682 1456 718 ut
1475 690 1592 726 supra
1621 678 1826 717 diximus?
1851 679 2065 727 Gregorius

1108 731 1179 768 VH
1204 731 1418 768 Humberto
1439 732 1725 780 archiepiscopo
1754 732 2006 780 Lugdunensi
2027 737 2067 769 et

1107 784 1278 821 Rocleno
1298 785 1476 833 episcopo
1496 784 1740 822 Cabilonensi
1780 786 2003 830 mandavit,
2026 788 2067 822 ut

1106 849 1238 886 regem
1266 839 1481 882 monerent,
1511 841 1704 885 quatenus
1734 838 1782 874 ab
1822 838 2067 886 impedienda

1105 891 1367 928 ecclesiastica
1388 890 1568 927 libertate
1590 891 1826 936 abstineret,
1864 891 2067 928 intentatis

1103 944 1138 980 ei
1168 944 1430 981 anathematis
1459 943 1586 988 minis,
1617 944 1688 981 nisi
1734 944 1944 992 episcopos,
1973 944 2064 981 cleri

1104 997 1300 1045 suffragiis
1324 996 1530 1045 populique
1553 1008 1710 1034 assensu
1759 996 1916 1042 electos,
1945 997 2068 1035 eccle-

1102 1049 1167 1087 siis
1185 1049 1341 1098 praefici
1357 1050 1503 1087 sineret
1521 1048 1547 1087 3.
1586 1050 1673 1087 Rex
1688 1049 1815 1086 missis
1832 1050 1996 1087 Romam
2017 1050 2068 1087 le-

1105 1103 1226 1151 gatiS,
1247 1103 1462 1151 spopondit,
1492 1116 1532 1141 se
1561 1103 1863 1140 emendaturum
1900 1115 1997 1151 quae
2026 1103 2066 1140 in

1106 1156 1321 1193 Ecclesiam
1342 1159 1584 1205 peccaverat,
1607 1159 1647 1193 et
1675 1156 1872 1193 mandatis
1910 1158 2068 1204 aposto-

1107 1209 1190 1246 licis
1206 1210 1424 1258 pariturum
1445 1210 1482 1246 in
1503 1210 1562 1254 iis,
1579 1221 1676 1258 quae
1690 1208 1942 1257 Religionem
1965 1221 2070 1257 spec-

1106 1264 1253 1299 tabant.
1274 1262 1460 1299 Pontifex
1492 1262 1593 1311 regis
1633 1261 1795 1299 consilia
1842 1261 2020 1299 laudavit
2039 1262 2070 1299 ⁴.

1106 1315 1234 1357 Quum
1266 1327 1358 1352 vero
1387 1316 1621 1360 audivisset,
1656 1327 1786 1364 regem
1815 1314 1852 1351 in
1893 1315 2069 1353 nefandis

1107 1369 1335 1406 criminibus
1349 1380 1601 1417 perseverare
1625 1373 1743 1417 atque
1760 1368 1935 1405 iustitiae
1961 1369 2069 1417 leges

1107 1426 1146 1459 et
1166 1422 1421 1459 ecclesiarum
1443 1418 1663 1460 libertatem
1706 1422 1865 1469 impune
1895 1421 2067 1467 violare,

1106 1475 1258 1513 litteras
1278 1486 1418 1523 graves
1439 1477 1485 1513 ad
1517 1476 1717 1524 episcopos
1761 1475 1913 1512 Galliae
1945 1475 2068 1523 scrip-

1106 1530 1167 1572 sit,
1187 1529 1226 1565 in
1246 1529 1384 1576 quibus
1414 1541 1549 1566 eorum
1593 1528 1868 1577 negligentiam
1891 1529 2070 1576 increpa-

1107 1582 1183 1626 vit,
1204 1581 1406 1619 mandavit
1426 1582 1485 1627 iis,
1516 1585 1559 1619 ut
1581 1593 1710 1630 regem
1752 1583 1955 1618 monerent
1975 1584 2015 1618 et
2047 1594 2070 1618 a

1109 1646 1291 1682 perversa
1324 1635 1406 1672 vita
1432 1638 1664 1672 revocarent
1698 1635 1767 1672 sub
1797 1633 1993 1681 generalis
2013 1633 2069 1670 in-

1107 1688 1263 1725 terdicti
1292 1688 1473 1738 periculo,
1498 1688 1732 1736 addiditque,
1762 1688 1865 1735 quod
1885 1687 1916 1724 si
1935 1698 2004 1724 rex
2027 1686 2070 1723 in

1107 1741 1310 1789 iniquitate
1340 1753 1409 1779 sua
1430 1745 1712 1790 perseveraret,
1734 1753 1773 1777 se
1803 1740 2071 1778 anathematis

1108 1795 1237 1843 gladio
1270 1795 1465 1844 ipsiusque
1491 1794 1599 1843 regni
1642 1794 1860 1842 privatione
1889 1793 2067 1842 plecten-

1109 1848 1200 1884 dum
1219 1849 1336 1885 sciret
1356 1847 1381 1885 ⁵.
1408 1847 1678 1885 Verisimiliter
1698 1858 1769 1884 rex
1790 1846 1974 1883 Pontifici
2002 1846 2067 1883 fe·-

1108 1900 1161 1937 cit
1179 1901 1283 1946 satis,
1306 1912 1395 1937 cum
1430 1913 1505 1937 non
1525 1901 1704 1949 legamus
1723 1912 1746 1937 a
1766 1899 1952 1948 Gregorio
1974 1911 2069 1937 sen-

1107 1954 1269 1991 tentiam
1292 1956 1330 1991 in
1350 1966 1439 1991 cum
1459 1954 1574 1991 fuisse
1598 1953 1858 1990 fulminatam.

1160 2007 1319 2044 Interim
1342 2007 1527 2044 Pontifex
1559 2007 1606 2043 ad
1645 2006 1911 2055 componenda
1941 2005 2070 2043 eccle-

1106 2061 1260 2097 siastica
1280 2060 1318 2096 in
1339 2061 1466 2097 Gallia
1486 2060 1641 2108 negotia
1673 2062 1713 2102 et
1736 2059 1783 2096 ad
1817 2059 2070 2107 corrigendos

1107 2113 1499 2162 abususlegationem
1518 2113 1770 2161 apostolicam
1796 2112 1962 2149 credidit
1992 2113 2071 2149 Hu-

1108 2166 1198 2215 goni
1215 2168 1392 2215 episcopo
1409 2167 1551 2203 Diensi.
1565 2166 1636 2203 Hic
1651 2165 1817 2215 synodos
1833 2165 2063 2202 Claromon-

1107 2219 1151 2256 tii
1169 2249 1178 2264 ,
1193 2220 1478 2268 Augustoduni,
1499 2220 1680 2262 Pictavii,
1711 2219 1877 2266 aliisque
1906 2219 1945 2255 in
1963 2218 2066 2255 civi-

1106 2273 1250 2309 tatibus
1268 2273 1414 2318 habuit,
1436 2275 1474 2309 in
1494 2273 1633 2321 quibus
1670 2272 1780 2309 varia
1808 2271 1967 2320 negotia
1997 2283 2067 2308 ec—

1107 2325 1324 2363 clesiastica
1345 2327 1584 2374 composuit,
1616 2326 1745 2374 plures
1775 2327 1970 2373 episcopos
2005 2324 2069 2361 vel

1109 2383 1264 2427 propter
1292 2379 1477 2416 simoniae
1518 2379 1663 2416 crimen
1686 2379 1749 2415 vel
1773 2380 1928 2426 propter
1956 2378 2065 2414 vitae

1108 2432 1338 2480 pravitatem
1376 2432 1575 2480 deposuit,
1596 2442 1840 2478 canonesque
1865 2430 1912 2467 ad
1934 2430 2065 2466 elimi-

1108 2485 1274 2522 nandam
1298 2485 1502 2522 simoniam
1523 2489 1562 2522 et
1578 2485 1806 2522 clericorum
1828 2482 2070 2519 incontinen-

1106 2539 1200 2575 tiam
1235 2539 1416 2575 condidit.
1451 2538 1598 2575 Multas
1628 2536 1970 2582 contradictiones,
1990 2537 2063 2573 ob-

1107 2591 1258 2628 stacula
1277 2595 1315 2628 et
1335 2591 1509 2640 pericula
1530 2592 1567 2627 in
1600 2592 1671 2627 hoc
1694 2590 1846 2638 negotio
1864 2590 1977 2637 Hugo
2003 2589 2065 2626 le-

1108 2649 1224 2693 gatus
1251 2649 1436 2692 expertus
1465 2648 1544 2690 est3
1569 2648 1837 2680 verumtamen
1859 2643 1986 2680 animo
2011 2641 2067 2678 in-

1111 2698 1214 2735 victo
1250 2697 1419 2734 officium
1447 2709 1559 2734 suum
1587 2698 1789 2739 executus,
1810 2695 1855 2731 de
1876 2694 2066 2732 reforma-

1108 2751 1212 2787 tione
1231 2750 1492 2789 ecclesiastica
1512 2750 1549 2786 in
1565 2746 1693 2786 Gallia
1708 2748 1853 2796 optime
1877 2747 2021 2785 meruit
2036 2745 2063 2785 ⁶.

1162 2805 1206 2841 In
1228 2802 1454 2851 Hispaniam
1471 2802 1684 2850 Gregorius
1713 2801 1787 2838 VII
1816 2800 1976 2849 legavit
1999 2800 2064 2838 Ri-

1151 2910 1160 2932 ¹
1180 2910 1326 2940 Lambert.
1341 2906 1503 2939 Soliafnab.
1523 2906 1614 2939 ibid:
1632 2907 1659 2936 Ρ.
1676 2905 1830 2936 Bernried.
1845 2905 1903 2936 loc.
1918 2906 1966 2936 cit.
1985 2915 2009 2936 c.
2027 2905 2057 2944 93

1111 2953 1259 2983 Baronius
1277 2955 1305 2981 et
1322 2949 1407 2988 Pagi,
1426 2948 1463 2977 ad
1482 2956 1528 2978 an.
1550 2947 1636 2978 1077.

1150 2992 1164 3012 '2
1180 2993 1245 3022 Vid.
1264 2995 1283 3021 t.
1300 2992 1319 3023 Ι.
1337 3000 1363 3029 p.
1380 2988 1524 3019 287-288.

1150 3033 1164 3053 ³
1177 3031 1275 3071 Epis-1.
1292 3032 1331 3062 35
1347 3034 1375 3061 et
1392 3029 1439 3067 36,
1456 3031 1473 3060 l.
1491 3031 1511 3060 1.

1150 3073 1275 3114 {Epist
1296 3073 1343 3108 75,
1361 3072 1377 3101 l:
1397 3072 1414 3101 1.

1150 3115 1164 3129 ³
1182 3114 1278 3154 Epist.
1295 3114 1323 3150 5,
1342 3114 1359 3143 l.
1378 3113 1411 3143 ΙΙ.
1646 3139 1656 3150 ,

1150 3150 1164 3172 ⁶
1179 3154 1364 3192 Longueval,
1379 3152 1519 3184 Histoire
1544 3151 1582 3183 de
1598 3152 1618 3183 l'
1630 3151 1735 3191 quise
1749 3151 1921 3192 qallicccne,
1938 3152 1957 3185 l.
1974 3152 2062 3191 xxi;

1087 3219 1090 3229 .
1110 3197 1221 3235 nabbe,
1239 3194 1359 3228 Concil.
1376 3199 1395 3226 t.
1412 3195 1449 3232 X,
1469 3204 1497 3234 p.
1514 3193 1573 3226 359
1592 3197 1621 3226 et
1635 3193 1710 3227 367.
