2241 3473
248 140 321 177 126

191 220 258 258 tur
274 218 393 257 veluti
408 218 445 257 Ν
449 216 572 255 icaeni
588 214 790 264 appendix.
806 214 998 251 Miserunt
1012 213 1134 261 igitur

190 273 365 311 Africani
394 267 774 316 Constantinopolim,
794 265 1073 304 Alexandriam
1094 269 1133 303 et

174 325 434 370 ‚Antiochiam
460 324 619 371 legatos,
639 320 706 369 qui
725 319 764 356 in
785 320 924 356 harum
946 318 1132 357 ecclesia—

190 390 276 416 rum
292 377 485 415 codicibus
500 377 539 411 in
557 372 800 411 authenticos
816 384 985 410 canones
996 372 1130 410 Nicae-

189 443 256 468 nos
286 430 536 478 inquirerent.
568 427 732 471 Interea,
749 428 791 463 ut
819 437 930 463 suam
960 437 1055 474 erga
1082 427 1129 464 R.

188 483 416 522 Pontificem
455 479 743 517 observantiam
782 479 1050 523 ostenderent,
1084 480 1132 517 ad

186 536 426 574 Bonifacium
447 534 483 578 I,
512 533 578 582 qui
607 532 758 570 Zosimo
778 534 1016 569 successerat
1031 562 1040 578 ,
1060 532 1130 570 lit—

185 592 290 626 teras
323 587 570 636 scripserunt,
603 585 742 634 quibus
775 585 1059 634 significabant,
1089 598 1129 624 se

186 642 386 691 Apiarium
407 641 453 678 de
472 639 649 677 omnibus
669 639 823 676 veniam
844 641 1052 687 petentem,
1074 651 1129 676 re-

185 695 330 744 cepisse
364 694 402 730 in
437 694 743 730 communionem
777 694 817 728 et
848 692 887 728 in
922 692 1129 740 pristinum

185 748 362 797 gradum,
381 747 492 795 eique
513 745 759 791 concessisse,
780 747 823 781 ut
842 748 993 782 amotus
1008 746 1056 782 ab
1073 758 1131 783 ec-

183 801 299 838 clesia
327 800 508 845 Siccensi,
538 799 603 836 ubi
630 798 761 844 vellet,
789 799 1006 847 presbyteri
1035 811 1127 836 mu-

183 866 275 891 nere
295 853 548 903 fungeretur3
569 853 773 889 Urbanum
788 851 1011 900 episcopum
1031 853 1068 889 id
1088 852 1127 889 in

182 919 256 956 quo
276 910 522 956 peccaverat,
547 906 628 944 sine
659 905 740 942 ulla
769 905 1009 942 dubitatione
1038 918 1128 943 cor-

181 960 348 1008 rexisse3
365 972 405 998 se
426 960 543 997 etiam
563 961 858 997 conservaturos
878 970 1045 996 canones
1061 959 1127 996 Ni-

180 1014 414 1060 caenos,sibi
430 1026 453 1051 a
467 1013 615 1050 Zosimo
636 1012 783 1057 missos,
795 1012 916 1049 donec
931 1012 1045 1049 aliter
1059 1024 1126 1061 per

180 1067 402 1106 authentica
439 1066 680 1116 exemplaria
708 1066 753 1102 de
773 1065 820 1102 iis
839 1065 1079 1103 constitisset
1100 1064 1124 1104 ¹.

232 1121 366 1158 Rebus
387 1121 441 1158 sic
460 1119 692 1168 compositis,
711 1119 914 1167 missisque
934 1119 974 1156 in
994 1119 1126 1156 Orien-

179 1175 260 1212 tem
286 1174 444 1224 legatis,
465 1175 527 1223 qui
549 1173 740 1211 Nicaenos
761 1184 928 1210 canones
947 1172 1123 1222 inquire-

176 1230 285 1274 rent,
307 1227 484 1276 contigit,
507 1230 550 1264 ut
582 1227 684 1264 idem
717 1226 900 1274 Apiarius
933 1238 1122 1264 novorum

179 1282 385 1318 criminum
404 1281 554 1326 reus,ab
567 1279 729 1317 ecclesia
737 1280 1123 1317 Tabracenaexcom-

179 1336 403 1372 municatus
419 1336 457 1371 et
473 1333 669 1382 depositus
685 1332 815 1370 fuerit.
833 1333 869 1370 Is
884 1344 1039 1370 rursum
1049 1334 1125 1371 Ro-

179 1399 281 1425 mam
302 1387 489 1436 confugit,
503 1391 541 1425 et
557 1387 775 1424 Caelestino
792 1386 821 1432 I,
837 1386 902 1434 qui
917 1389 1010 1423 tunc
1025 1399 1125 1424 sum-

176 1452 281 1478 mum
302 1441 567 1490 pontificatum
586 1440 759 1490 gerebat,
779 1439 835 1477 ita
854 1440 1049 1488 imposuit,
1079 1443 1123 1479 ut

177 1494 361 1542 Pontifex
381 1494 583 1543 Apiarium
603 1494 806 1531 innoxium
827 1493 1002 1540 credens,
1032 1506 1121 1531 eum

176 1547 215 1584 in
235 1548 408 1585 Africam
429 1547 622 1586 remiserit
634 1559 710 1584 una
726 1558 816 1584 cum
832 1546 1018 1584 Faustino
1035 1548 1120 1597 epi-

176 1613 290 1650 scopo
311 1601 535 1647 Potentino,
555 1601 623 1650 qui
643 1612 732 1637 eum
752 1600 1034 1638 restituendum
1055 1613 1122 1638 cu—

175 1657 294 1693 raret.
329 1656 478 1693 Verum
512 1654 695 1693 Aurelius
729 1654 1045 1703 Carthaginensis
1083 1656 1122 1692 et

176 1708 243 1746 alii
262 1708 442 1758 episcopi,
458 1708 694 1757 Carthagine
709 1707 994 1753 convenientes,
1010 1708 1122 1757 Apia-

176 1763 278 1799 rium
311 1764 369 1800 tot
403 1761 607 1799 criminum
637 1773 659 1798 a
687 1761 924 1798 Tabracenis
958 1773 1119 1799 accusa-

175 1817 257 1852 tum
289 1815 545 1863 reperierunt,
576 1817 619 1852 ut
647 1814 876 1860 Faustinus,
905 1814 1019 1852 sicuti
1046 1815 1118 1864 ipsi

176 1869 347 1906 scribunt
366 1869 404 1905 in
427 1867 590 1917 epistola
608 1879 679 1905 sua
698 1867 884 1916 synodica
903 1869 950 1905 ad
979 1868 1116 1905 Caele-

175 1922 332 1967 stinum,
349 1933 434 1959 eum
452 1932 617 1970 purgare
630 1933 702 1958 non
714 1923 852 1969 posset,
861 1922 1037 1969 quamvis
1049 1934 1116 1970 pro

176 1975 279 2012 virili
299 1975 336 2012 id
353 1975 504 2012 efficere
525 1978 724 2012 tentasset.
747 1975 911 2011 Demum
934 1975 1116 2023 Apiarius

176 2028 366 2066 scelerum
387 2040 546 2066 suorum
567 2028 799 2065 conscientia
819 2028 1036 2076 compulsus
1049 2058 1058 2074 ,
1077 2028 1114 2065 in

174 2082 320 2131 synodo
347 2094 388 2119 se
422 2093 533 2119 reum
568 2081 763 2119 confessus
801 2085 859 2118 est
893 2081 1095 2118 criminum
1108 2112 1116 2128 ,

174 2138 332 2184 propter
351 2146 449 2183 quae
471 2135 598 2172 fuerat
617 2135 895 2171 condemnatus
908 2164 916 2179 ,
938 2138 977 2171 et
1000 2135 1116 2172 mini-

172 2188 291 2226 sterio
311 2199 420 2226 sacro
440 2188 617 2237 privatus
638 2187 790 2225 mansit.
812 2188 870 2224 Ita
899 2199 982 2224 rem
1010 2188 1115 2225 refe-

172 2244 266 2279 runt
285 2241 450 2291 episcopi
471 2241 508 2278 in
530 2241 691 2290 epistola
706 2253 775 2278 sua
787 2242 835 2278 ad
852 2241 1114 2278 Caelestinum

172 2295 257 2345 Pp„
273 2307 387 2344 quem
404 2296 673 2343 deprecantur,
690 2307 738 2332 ne
754 2295 932 2342 deinceps
953 2295 1115 2331 venien-

169 2349 273 2387 tibus
285 2361 332 2386 ex
347 2348 479 2386 Africa
494 2359 608 2385 aures
624 2348 771 2385 facilius
786 2348 981 2397 praebeat,
993 2360 1060 2385 nec
1076 2348 1112 2385 in

170 2402 480 2439 communionem
503 2401 605 2439 ultra
627 2401 744 2438 vellet
764 2402 941 2450 excipere
963 2413 1038 2447 eos,
1051 2402 1112 2450 qui

171 2456 218 2493 ab
237 2456 329 2504 ipsis
341 2455 505 2493 fuissent
520 2455 860 2499 excommunicati,
872 2455 983 2491 sicuti
995 2455 1113 2492 ctiam

171 2509 208 2546 in
233 2510 405 2547 Concilio
426 2509 599 2546 Nicaeno
622 2512 706 2545 erat
727 2508 1000 2554 constitutum,
1023 2513 1064 2546 ut
1093 2521 1113 2545 e

169 2563 274 2600 clero
295 2565 362 2600 aut
383 2574 403 2599 e
424 2562 522 2600 laico
543 2562 676 2599 ordine
696 2562 743 2598 ab
765 2562 940 2610 episcopo
961 2574 1028 2599 suo
1050 2574 1113 2599 ex·

170 2616 477 2653 communicatus
493 2616 540 2653 ab
558 2616 643 2653 aliis
660 2615 846 2664 episcopis
860 2627 933 2651 non
950 2615 1114 2664 suscipe-

169 2674 288 2707 retur.
307 2671 464 2717 Rogant
481 2669 719 2714 Pontificem,
737 2669 1111 2717 ut'prcsbyterorum

170 2725 208 2759 et
238 2722 464 2759 inferiorum
495 2722 721 2760 clericorum
751 2722 925 2770 improba
947 2722 1111 2769 refugia,

169 2777 258 2824 quia
272 2781 426 2824 propter
439 2776 509 2813 loci
528 2775 753 2813 distantiam
762 2782 801 2813 et
816 2776 972 2812 testium
982 2776 1114 2812 absen-

167 2831 262 2866 tiam
286 2830 489 2866 fraudibus
510 2829 688 2875 obnoxia,
711 2829 883 2873 rejiciam
905 2841 974 2865 nec
999 2829 1110 2866 dein-

167 2895 269 2931 ceps,
284 2883 498 2931 quibusque
514 2883 747 2932 potentibus,
760 2885 988 2920 executores
1005 2883 1112 2931 lega-

167 2938 225 2973 tos
248 2937 444 2981 mitteret,
465 2938 562 2984 quod
582 2936 688 2974 nulla
709 2936 859 2974 concilii
891 2936 1112 2973 definitione

167 2989 376 3026 Africanae
400 2990 582 3027 ecclesiae
600 2990 823 3038 disciplinae
841 2990 886 3027 de
904 2990 1112 3027 terminan-

167 3043 224 3080 dis
245 3042 475 3080 clericorum
500 3044 625 3081 causis
641 3045 871 3093 derogatum
889 3048 1006 3088 esset,
1023 3055 1110 3079 cum

209 3184 218 3204 ¹
240 3186 324 3224 Apiid
343 3186 497 3220 Constant,
513 3183 606 3224 Epis-l.
627 3185 684 3216 HR.
706 3186 818 3225 Pontis.
834 3196 861 3226 p.
882 3186 956 3218 1012
973 3190 1000 3218 ct
1022 3187 1112 3220 ¹01st

658 151 816 178 EPOCHA
843 150 899 175 111.
928 148 956 174 A
984 142 1256 174 CONVERSIONE
1286 147 1552 177 CONSTANTINI
1579 150 1623 177 M.

1177 213 1391 251 transmissi
1416 214 1465 251 ad
1483 226 1525 251 se
1544 226 1709 252 canones
1735 215 1898 254 Nicaeni
1926 229 2051 265 neque
2079 217 2119 255 in

1176 265 1464 305 Alexandrinae
1483 279 1609 316 neque
1628 267 1667 304 in
1685 269 1750 317 Cp.
1770 269 1953 307 eeclesiae
1973 271 2120 308 codici-

1175 319 1245 357 bus
1256 320 1420 358 fuissent
1434 321 1578 370 reperti
1590 320 1615 359 ¹.
1624 321 1731 358 veru
1737 324 1905 359 mtamen
1916 324 2004 361 RR.
2017 324 2121 361 Pon-

1173 372 1297 411 tifices
1318 373 1508 423 deinceps,
1529 374 1586 411 uti
1605 376 1736 420 antea,
1749 374 1833 412 iure
1848 375 2039 424 primatus
2057 377 2119 414 sui

1173 427 1340 475 proprio,
1359 428 1567 476 recipiendi
1600 439 1650 465 ex
1682 427 1815 466 Africa
1840 429 2119 477 appellationes

1176 479 1234 516 usi
1254 483 1356 518 sunt.

1227 534 1440 572 Existimat
1459 534 1614 572 Natalis
1641 533 1867 572 Alexander
1883 566 1893 582 ,
1917 535 2121 574 Africanos

1173 586 1384 636 episcopos,
1405 600 1540 625 errore
1561 587 1654 625 facti
1674 587 1780 625 circa
1799 593 1966 626 canones
1984 589 2120 627 Sardi-

1172 642 1306 678 censes
1327 642 1519 690 deceptos,
1535 641 1662 690 ipsum
1677 640 1737 678 ius
1753 641 2059 690 appellationum
2071 643 2119 680 ad

1171 692 1220 730 R.
1241 693 1471 732 Pontificem
1499 695 1722 743 aliquandiu
1756 694 2024 745 impugnasse,
2053 695 2120 733 sed

1170 757 1245 782 non
1278 747 1400 786 multo
1429 751 1515 796 post
1541 749 1590 786 ab
1619 759 1752 785 errore
1779 747 1990 795 liberatos,
2021 747 2118 786 illud

1169 800 1374 847 agnovisse
1392 803 1432 839 et
1450 803 1659 839 veneratos
1675 813 1758 839 esse
1774 800 1801 839 ².
1823 801 2015 840 Baronius
2031 813 2119 839 cum

1169 852 1254 890 aliis
1274 855 1488 901 contendit,
1509 854 1716 892 Africanos
1736 855 1860 893 solum
1879 855 2119 904 improbasse

1169 906 1326 943 modum
1346 908 1603 957 prosequendi
1623 908 1903 957 appellationes
1920 939 1929 955 ,
1947 907 2031 946 sive
2058 907 2120 945 ni·

1167 958 1282 996 miam
1301 961 1386 999 RR.
1397 961 1628 998 Pontificum
1645 961 1872 999 facilitatem
1885 961 2043 1010 quasvis
2054 972 2117 1011 ap-

1166 1012 1392 1060 pellationes
1407 1015 1639 1063 suscipiendi
1655 1017 1694 1052 et
1710 1015 1948 1064 appellantes
1963 1015 2002 1052 in
2018 1026 2118 1052 eom·

1167 1067 1389 1105 munionem
1417 1068 1647 1106 restituendi
1677 1066 1703 1106 3.
1738 1067 1913 1117 Legendi
1941 1069 2033 1105 sunt
2069 1067 2118 1105 de

1166 1119 1239 1156 hac
1259 1132 1301 1158 re
1321 1121 1398 1159 FF.
1417 1121 1634 1167 Ballerinii,
1655 1121 1719 1169 qui
1735 1133 1784 1158 ex
1800 1121 1893 1171 ipsis
1908 1120 2116 1160 Africano-

1166 1184 1252 1210 rum
1285 1175 1442 1223 synodis
1477 1177 1516 1212 et
1553 1175 1725 1222 epistolis
1760 1175 1971 1212 ostendunt
1986 1203 1996 1221 ,
2029 1173 2115 1212 illos

1167 1238 1242 1263 non
1263 1239 1425 1276 negasse
1446 1228 1485 1265 in
1512 1229 1561 1266 R.
1584 1227 1775 1265 Pontifice
1808 1228 1870 1265 ius
1897 1227 2118 1276 excipiendi

1165 1281 1455 1329 appellationes,
1476 1283 1540 1320 sed
1561 1284 1718 1331 propter
1738 1281 1923 1319 fraudum
1942 1280 2118 1330 pericula

1165 1333 1210 1370 de
1232 1333 1504 1383 frequentibus
1529 1347 1575 1373 ac
1593 1335 1824 1384 promiscuis
1846 1334 2118 1384 appellationi-

1164 1387 1235 1424 bus
1255 1400 1339 1425 esse
1359 1391 1590 1437 conquestos
1610 1390 1650 1426 et
1670 1388 1857 1426 nonnulla
1872 1389 1919 1425 ob
1939 1388 2116 1425 eamdem

1164 1452 1324 1479 causam
1353 1442 1570 1480 decrevisse
1583 1472 1592 1488 ,
1612 1454 1711 1491 quae
1740 1441 1993 1491 impediendis
2012 1441 2116 1479 eius-

1163 1494 1267 1531 modi
1289 1495 1610 1544 appellationibus
1631 1495 1851 1533 necessaria
1865 1495 2057 1544 putabant
2070 1493 2097 1532 ⁴.

1216 1548 1277 1585 76.
1308 1550 1538 1597 Relzyz'om's
1571 1554 1703 1586 status
1737 1550 1782 1586 in
1817 1548 1990 1586 Perside
2006 1568 2055 1575 —
2071 1547 2115 1585 In

1164 1601 1324 1639 Perside
1352 1603 1485 1651 gravis
1505 1603 1691 1640 adversus
1711 1602 1951 1639 Christianos
1978 1612 2114 1650 perse-

1163 1655 1266 1692 cutio
1295 1655 1470 1693 excitata
1499 1658 1557 1694 est
1585 1667 1648 1693 an.
1669 1656 1757 1693 414.
1780 1654 1995 1693 Conciliata
2022 1654 2113 1691 inde

1163 1719 1186 1745 a
1222 1712 1347 1746 morte
1377 1709 1519 1746 Iuliani
1549 1710 1692 1746 Persas
1720 1709 1823 1746 inter
1850 1710 1890 1746 et
1917 1709 2115 1746 Romanos

1160 1773 1266 1810 pace,
1298 1763 1535 1801 christianae
1565 1762 1765 1812 religionis
1794 1761 1982 1811 professio
2000 1790 2010 1808 ,
2039 1773 2114 1798 non

1161 1816 1339 1853 obstante
1367 1828 1569 1865 magorum
1601 1815 1765 1862 invidia,
1784 1815 1824 1852 in
1845 1815 2004 1853 Perside
2024 1814 2113 1863 plu-

1158 1869 1302 1906 rimum
1319 1874 1434 1907 aucta
1450 1875 1545 1907 erat.
1559 1870 1707 1907 Verum
1723 1881 1784 1906 an.
1797 1869 1874 1906 414
1885 1868 2030 1914 Abdas,
2044 1869 2116 1906 Su-

1157 1934 1222 1959 sae
1243 1924 1458 1972 episcopus,
1474 1923 1729 1960 immoderato
1749 1922 1829 1959 zelo
1850 1924 1989 1959 auctor
2007 1920 2114 1958 exti-

1156 1975 1225 2021 tit,
1256 1979 1299 2013 ut
1319 1977 1509 2025 Pyreum,
1530 1989 1597 2014 seu
1629 1987 1738 2013 aram
1759 1986 1781 2012 a
1802 1975 1932 2012 Persis
1950 1974 2030 2024 igni
2050 1974 2114 2012 di-

1157 2031 1297 2074 catam,
1318 2030 1587 2079 confiagraret.
1608 2029 1852 2077 Quapropter
1871 2028 2112 2077 Isdegerdes,

1158 2082 1370 2120 Persarum
1400 2095 1469 2121 rex
1487 2113 1496 2128 ,
1525 2083 1656 2120 furore
1687 2082 1857 2130 percitus
1874 2111 1883 2128 ,
1911 2082 1951 2118 in
1979 2093 2112 2119 omnes

1158 2147 1226 2184 per
1245 2138 1367 2174 totam
1389 2136 1588 2173 Persidem
1609 2135 1848 2174 Christianos
1869 2134 2110 2184 persecutio-

1159 2201 1246 2226 nem
1276 2191 1479 2227 cruentam
1508 2189 1659 2236 indixit,
1691 2201 1767 2237 qua
1795 2189 1976 2233 durante,
1995 2199 2112 2236 prae-

1156 2245 1215 2279 ter
1235 2243 1385 2279 Abdain
1407 2243 1643 2292 episcopum,
1663 2242 1727 2280 alii
1749 2241 1904 2291 plurimi
1927 2240 2112 2279 Christia-

1156 2295 1194 2332 ni
1224 2296 1422 2344 suppliciis
1451 2296 1579 2333 affecti
1609 2299 1712 2340 sunt,
1741 2306 1951 2343 eorumque
1980 2293 2109 2331 eccle-

1155 2349 1231 2386 siae
1247 2361 1419 2387 eversae.
1430 2350 1488 2387 Ad
1502 2349 1784 2386 restituendam
1796 2359 1930 2397 pacem
1941 2347 2108 2385 multum

1156 2402 1321 2440 contulit
1340 2403 1506 2440 Aeacius
1524 2433 1532 2449 ,
1562 2403 1762 2451 episcopus
1790 2401 1965 2447 Amidae,
1981 2413 2004 2438 a
2023 2401 2108 2438 Ro-

1156 2456 1276 2493 manis
1287 2456 1325 2493 in
1339 2456 1480 2494 Persas
1497 2467 1564 2505 pro
1580 2455 1820 2493 concilianda
1837 2467 1929 2503 pace
1944 2454 2108 2504 legatus.

1154 2510 1213 2547 Ad
1242 2510 1414 2547 eamdem
1445 2521 1527 2547 rem
1557 2509 1722 2548 eontulit
1752 2509 1974 2555 Max-athas,
2003 2507 2106 2557 Mai-

1154 2563 1360 2611 phercatae
1388 2564 1608 2612 episcopus,
1629 2562 1693 2611 qui
1715 2575 1738 2600 a
1758 2562 1972 2600 Theodosio
1993 2561 2030 2598 II
2059 2561 2108 2599 ad

1155 2617 1399 2665 Isdcgerdem
1430 2618 1602 2665 legatus,
1623 2629 1694 2653 sua
1721 2616 1887 2666 pietate,
1906 2614 2108 2664 religionis

1153 2669 1387 2707 christianae
1417 2670 1750 2707 commendatione
1777 2675 1817 2706 et
1837 2667 1999 2707 detectis
2019 2678 2105 2705 ma-

1153 2735 1290 2771 gorum
1321 2724 1533 2768 fraudibus,
1564 2736 1586 2761 a
1616 2735 1707 2773 rege
1735 2722 1915 2768 obtinuit,
1935 2724 1978 2759 ut
1999 2720 2105 2758 chri-

1153 2777 1280 2814 stiana
1300 2788 1410 2814 sacra
1431 2777 1551 2814 libere
1573 2776 1747 2814 exerceri
1768 2779 1807 2814 et
1827 2775 2013 2813 ecclesiae
2030 2785 2105 2812 ex-

1153 2831 1229 2868 trui
1252 2831 1538 2880 possentUndc
1556 2831 1771 2869 christiana
1787 2828 1922 2879 religio
1943 2827 2104 2878 amplio-

1196 2938 1203 2958 ¹
1224 2938 1333 2971 habim„
1351 2941 1370 2970 1,
1389 2938 1423 2973 11,
1441 2947 1469 2976 Γ».
1488 2937 1575 2968 1674.

1195 2980 1208 3001 '²
1227 2981 1300 3011 msc.
1319 2980 1391 3011 eccl.
1409 2989 1490 3009 saec.
1509 2980 1552 3015 lv,
1570 2980 1644 3011 diss.
1661 2979 1711 3019 28,
1727 2988 1812 3020 prop.
1830 2977 1857 3010 3.

1198 3023 1211 3041 ²¹
1229 3022 1334 3052 Anna!
1362 3022 1398 3051 ad
1418 3031 1466 3052 an.
1483 3020 1554 3052 410.

1193 3064 1205 3086 4
1226 3063 1384 3095 observat.
1411 3063 1440 3092 in
1467 3063 1555 3094 Pam.
1581 3063 1593 3094 Ι
1616 3063 1697 3093 Diss.
1721 3061 1744 3093 V
1767 3060 1940 3102 Quesnelli,
1969 3059 2062 3102 Oper.
2078 3069 2102 3092 s.

1156 3106 1245 3137 lmen.
1272 3110 1290 3136 1.
1307 3106 1344 3136 11.
1362 3106 1397 3135 tls
1410 3105 1499 3135 eliani
1518 3106 1546 3135 C.
1568 3107 1683 3142 Lupus,
1703 3104 1785 3135 Dixs.
1802 3102 1838 3133 de
1854 3102 1997 3141 African.
2019 3101 2103 3135 Eccl.

1155 3147 1318 3187 appellum
1340 3148 1367 3177 E.
1386 3147 1582 3185 §.vin-iswah,
1601 3146 1676 3177 mex.
1696 3146 1714 3183 1,
1732 3155 1758 3176 c.
1776 3145 1791 3176 '1
1818 3145 1848 3175 in
1868 3143 1951 3176 Eccae.
1970 3143 2054 3184 ΔΓΜ
2073 3145 2102 3175 F.

1159 3191 1187 3219 Λ.
1206 3189 1366 3224 hun-aria,
1383 3187 1597 3227 ,-1›1!1'f‹'bron.
1617 3187 1712 3225 1.111,
1730 3188 1747 3218 Ι.
1764 3187 1791 3221 3.
1809 3196 1833 3217 c.
1851 3186 1885 3225 43
1902 3187 1921 3217 1.
1939 3187 1969 3217 B.
1988 3186 2101 3224 Palma,

170 3227 280 3264 Lnblw,
293 3227 408 3259 conca
424 3231 440 3257 1⁴
456 3227 493 3265 ll,
505 3236 532 3266 p.
551 3226 665 3257 1:181101
685 3227 927 3267 1⁴;7‹i;Mansi‚t.
944 3230 986 3267 lv,
1001 3239 1028 3269 p.
1043 3230 1111 3263 1¹51.
1146 3230 1295 3263 I'ruelecl.
1319 3229 1400 3261 msc.
1419 3229 1492 3261 eccl.
1510 3233 1529 3261 1.
1548 3230 1571 3267 I,
1587 3239 1614 3270 p.
1631 3230 1669 3268 11,
1685 3239 1711 3260 c.
1729 3228 1837 3260 ’111-20.
