2241 3473
240 122 315 160 164

659 131 822 158 EPOCHA
851 131 905 158 IV.
937 132 965 157 A
994 130 1091 157 FINE
1119 129 1283 156 IMPERII
1312 130 1605 158 OCCIDENTALIS

185 198 396 247 episcopus
409 196 701 246 Cp.abstineret
716 196 765 232 ab
777 195 1036 243 appellatione
1052 195 1148 243 Epi·
1189 207 1280 232 sam
1306 197 1350 232 2'72
1385 196 1502 233 Clero
1530 198 1794 235 constituisse
1824 197 1848 235 ¹.
1880 198 2059 236 Mortuus
2089 200 2150 236 est

181 253 301 299 scopi
330 251 594 294 oecumenici,
623 260 689 284 seu
712 248 983 294 universalis,
1006 248 1073 284 uni
1108 249 1149 284 et
1193 247 1239 284 v⁰
1260 247 1346 285 idus
1367 248 1591 286 novembris
1613 261 1674 286 an.
1692 250 1781 288 618.

181 304 257 341 soli
282 303 465 340 Pontifici
489 303 669 338 Romano
690 300 846 349 proprio
869 299 894 337 ¹.

238 357 369 397 Quum
390 355 510 391 Sedes
527 353 752 401 Apostoliea
769 355 950 390 vacasset
966 353 1068 390 ultra
1085 365 1149 390 no-

186 421 273 446 vem
309 419 485 451 menses,
517 406 608 442 vulo
630 406 788 443 kalend.
820 406 1051 454 septembris
1073 419 1146 443 an—

183 463 217 498 ni
243 462 324 498 608
344 461 383 496 in
401 472 488 496 eam
505 460 668 496 evectus
690 458 766 496 fuit
786 471 814 496 s.
833 459 1062 496 Bonifaeius
1078 459 1147 505 IV,

182 528 201 551 e
224 513 387 550 Valeria
417 512 643 549 Marsorum
672 511 836 549 civitate
867 511 1066 549 oriundus.
1096 513 1146 558 Is,

181 568 380 603 annuente
402 565 538 601 Phoca
558 564 813 613 imperatore,
834 566 1051 611 Pantheon,
1070 566 1146 602 Ro-

181 631 267 656 mae
288 619 325 655 in
347 618 509 654 deorum
532 618 708 655 omnium
725 618 876 655 cultum
892 630 915 655 a
932 619 985 655 M.
1006 619 1144 667 Agrip-

180 684 242 720 pa,
264 670 434 718 Augusti
455 682 614 719 genero,
636 671 913 717 aedificatum,
934 673 983 708 ab
1004 671 1142 708 exole-

180 730 245 760 tae
263 723 507 761 idololatriae
526 724 707 761 sordibus
723 725 978 773 expurgavit„
994 726 1034 761 et
1053 737 1142 761 vero

181 778 262 813 Deo
285 776 325 813 in
348 777 532 813 honorem
557 778 600 814 Β.
624 777 672 815 V.
706 778 857 815 Mariae
889 778 1143 826 omniumque

181 829 327 867 Christi
351 829 577 878 Martyrum
593 830 875 877 consecravit2,
889 835 931 867 ut
946 831 1006 868 ubi
1024 843 1143 879 quon-

179 883 268 919 dam
289 895 361 919 non
380 883 569 929 Deorum,
583 896 650 920 seu
663 884 881 921 Demonum
900 885 1027 922 cultus
1044 886 1143 930 erat,

179 936 229 972 ibi
254 936 438 984 deinceps
467 937 640 973 omnium
672 937 784 974 fieret
814 937 1004 975 memoria
1037 938 1141 975 San-

178 990 331 1026 ctorum
354 987 380 1026 3.

232 1045 345 1079 Anno
366 1043 445 1080 610
467 1044 618 1080 Romae
641 1044 835 1092 synodum
859 1043 1078 1080 celebravit
1095 1045 1142 1080 de

179 1096 410 1143 quibusdam
452 1097 567 1133 rebus
603 1097 651 1133 ad
686 1097 893 1134 ecelesiam
924 1097 960 1133 in
998 1097 1144 1145 Anglia

178 1149 470 1196 spectantibus,
492 1149 530 1186 in
552 1161 629 1197 qua
651 1150 769 1187 etiam
792 1150 1036 1199 compescuit
1057 1162 1142 1195 eos,

178 1201 242 1249 qui
265 1203 499 1247 monachos,
521 1203 617 1240 licet
637 1204 859 1240 sacerdotio
890 1204 1088 1248 initiatos,
1120 1215 1142 1240 a

179 1259 518 1292 sacramentorum
564 1257 908 1294 adn‘iinistratione
953 1257 1142 1294 arcendos

179 1309 468 1346 contenderant
488 1308 513 1346 ¹¹.
538 1309 569 1345 E
594 1310 677 1347 vita
707 1310 875 1347 decessit
906 1311 1018 1346 nonis
1048 1309 1140 1346 maii

179 1373 240 1398 an.
263 1361 353 1399 615.

234 1415 330 1451 Post
359 1414 444 1452 eius
475 1415 652 1461 obitum,
682 1415 769 1453 xiv⁰
789 1416 947 1454 kalend.
978 1427 1141 1452 novem-

180 1467 259 1504 bris
281 1468 329 1504 ad
358 1480 554 1505 summum
589 1469 863 1518 pontificatum
893 1472 1053 1507 evectus
1083 1471 1142 1505 est

178 1533 207 1556 s.
234 1521 461 1567 Deusdedit,
483 1523 700 1560 Romanus.
737 1523 795 1559 Ab
826 1524 997 1560 Auctore
1027 1523 1144 1558 Libra·

180 1575 449 1624 I’ontt'ficalc's
469 1575 656 1613 laudatur
679 1577 762 1613 eius
783 1576 820 1612 in
844 1576 1002 1613 Clerum
1032 1587 1141 1612 amor

178 1629 219 1664 et
241 1627 524 1675 beneficentia,
546 1629 768 1678 diciturque
790 1630 1017 1666 secundam
1038 1630 1142 1665 Mis-

220 1779 228 1800 ¹
248 1780 321 1810 Vide
339 1790 366 1819 p.
382 1779 453 1810 1150.
468 1781 660 1811 Mentiuntur
675 1789 748 1811 vcro
762 1780 1053 1819 lilagdeburgenses
1071 1780 1143 1810 Cen-

179 1822 344 1852 turiatores
360 1847 367 1859 ,
392 1821 462 1852 dum
494 1822 618 1860 dicunt,
644 1823 724 1853 hune
755 1821 934 1852 I‘ontiticem
958 1822 1141 1860 importunis

179 1864 326 1902 precibus
344 1866 373 1893 et
396 1863 651 1893 contentionibus
675 1864 864 1902 compulisse
883 1864 1017 1894 l’liocani
1042 1864 1141 1902 impe—

179 1908 325 1941 ratorem,
344 1908 372 1933 ut
387 1905 535 1941 sanciret,
554 1906 586 1935 R.
603 1905 773 1935 Ecclesiam
786 1905 920 1934 oninium
938 1904 1140 1935 eeclesiarum

178 1948 281 1984 caput,
300 1946 428 1984 eiusque
445 1946 622 1976 Pontificem
637 1946 817 1984 episcopum
832 1947 1064 1976 oecumenicum
1079 1945 1140 1976 diei

179 1990 210 2016 et.
227 1987 333 2017 haberi
357 1986 482 2017 debere.
500 1988 541 2017 Ex
565 1988 647 2017 omni
665 1988 745 2017 enini
763 1987 930 2018 traditione
946 1990 1087 2026 constat,
1104 1989 1137 2018 R.

180 2028 351 2058 Ecclesiam
370 2029 399 2058 in
418 2037 525 2059 omncs
543 2038 667 2067 semper
683 2029 854 2059 obtinuisse
878 2029 1055 2066 primatum,

219 2069 234 2089 ‘2
251 2071 395 2100 Anastas.
418 2069 504 2101 Vitae
522 2069 650 2109 Pontis„
662 2070 809 2110 Roni'fttc.
827 2069 877 2109 lt}
892 2072 920 2101 Ι).
937 2070 1140 2106 war1101'1·iu‹l,

179 2109 256 2141 llist.
276 2110 482 2149 Lonqohard.
498 2112 515 2141 l.
532 2111 582 2149 iv,
599 2121 624 2141 c.
642 2112 692 2142 37.

218 2153 232 2173 3
250 2154 355 2182 Anasl.
373 2153 402 2182 in
428 2152 494 2184 Vita
509 2152 669 2192 Ilonifacii
686 2151 745 2188 IV:
765 2153 845 2183 Paul.
862 2153 1065 2190 Warnet'ried‚
1087 2153 1140 2184 lli-

176 2196 213 2224 sl.
233 2193 391 2232 [ΛΟΜ-(μή,
409 2193 465 2225 loc.
484 2194 535 2225 cil.
563 2194 699 2225 Ecclesia
726 2195 804 2224 haec
830 2203 910 2224 nunc
934 2204 1057 2234 quoque
1076 2196 1139 2224 lto—

179 2245 246 2265 inae
279 2235 411 2273 visitur,
443 2239 473 2266 ct
504 2235 615 2265 dicitur
641 2235 782 2266 [insitiva
800 2245 822 2264 κ.
842 2235 973 2266 Mariae
990 2235 1030 2265 ml
1054 2235 1138 2267 lilar-

179 2280 278 2315 lyras,
295 2277 388 2316 vulgo
417 2286 439 2306 s.
469 2276 574 2308 Maria
593 2276 760 2307 [totnndae
787 2277 826 2306 ob
856 2278 985 2307 sormam
1013 2277 1136 2307 editicii.

179 2318 330 2348 ltaronius
344 2343 351 2354 ‚
369 2319 399 2348 in
416 2317 630 2357 lllarlyroloffi
655 2318 744 2349 Rom.
770 2318 829 2348 kal.
847 2318 1006 2348 novembr.
1023 2319 1137 2358 inquit:

183 2371 194 2387 «
215 2360 250 2391 Ut
267 2360 403 2390 oninium
421 2359 511 2389 simul
530 2361 696 2398 lllartyruni
717 2369 777 2389 uua
794 2360 966 2399 eademque
989 2360 1039 2389 dic
1057 2360 1136 2390 cele-

178 2401 274 2431 britas
292 2404 451 2440 ageretur,
469 2410 503 2431 cx
524 2401 671 2431 ltonit'acii
691 2402 791 2439 l’apae
818 2401 1008 2431 institutione
1024 2403 1137 2432 llouiac

179 2446 225 2472 est
244 2446 399 2480 sumptum
414 2442 584 2472 exordium.
601 2443 798 2473 Postmodum
818 2451 900 2480 vero,
923 2442 1004 2481 quod
1025 2444 1138 2472 lloniae

179 2487 296 2513 tantum
322 2484 523 2522 peculiariter
547 2484 719 2523 agebatur,
740 2484 908 2522 Gregorius
935 2485 984 2522 l‘p.
1005 2485 1049 2521 lv,
1066 2494 1137 2514 cac-

179 2526 252 2555 teris
266 2525 477 2555 Occidentalis
491 2526 583 2555 Orbis
598 2526 742 2555 lieclesiis
757 2525 931 2555 faciendum
948 2526 1136 2564 praecepit».

179 2567 227 2597 Sic
245 2566 399 2597 celebrari
418 2567 520 2605 coepit
544 2567 572 2597 in
599 2566 737 2597 Ecclesia
766 2566 875 2596 testum
904 2567 983 2596 diem
1003 2568 1137 2597 omnium

178 2610 370 2638 Sanctorum.
389 2609 475 2645 Quod
494 2611 670 2638 ettestatnr
696 2608 849 2638 llonorius
875 2608 1136 2645 Augustoduncu—

179 2649 235 2686 sis,
253 2650 303 2688 qui
323 2650 373 2680 ait:
398 2661 409 2678 α
428 2650 636 2680 Festivitatem
661 2650 796 2679 omnium
815 2650 996 2679 Sanctorum
1016 2651 1137 2687 Grego—

901 2693 907 2704 ,
955 2690 979 2697 .,
1019 2691 1024 2696 .

180 2733 370 2762 inhonorem
389 2742 411 2761 S.
431 2733 556 2769 Mariae,
570 2735 599 2762 et
616 2733 750 2762 omnium
768 2733 935 2770 Martyrum
950 2731 1136 2761 serv.·ind:iin

179 2774 300 2803 censuit
317 2785 344 2804 ».
361 2775 507 2809 Meratns,
525 2775 552 2804 in
579 2773 795 2803 additionibus
818 2774 856 2803 ad
881 2774 1050 2803 Gavaiiluin
1069 2776 1086 2802 t.
1104 2775 1136 2809 ΙΙ,

180 2818 256 2852 part.
274 2815 302 2850 l,
327 2815 478 2851 attii-mat,
504 2815 811 2845 Commemorationis
839 2814 973 2845 oninium
1000 2814 1135 2844 tidelium

179 2855 392 2885 civium-iorum
423 2857 513 2886 ritum
543 2856 633 2886 tribui
652 2856 856 2887 communiter
879 2856 1000 2886 odiloni
1024 2856 1135 2886 Abbati

179 2897 385 2932 cluniam-tensi,
409 2901 439 2927 ct
455 2898 639 2928 anctoritate
664 2898 838 2936 apostolica
863 2897 891 2927 in
917 2900 1013 2927 totum
1031 2898 1136 2928 orbem

181 2938 323 2968 ‹iitl‘nsum
347 2948 427 2968 esse.
454 2939 496 2969 M.
524 2940 656 2970 l’olonus
681 2940 795 2978 aliique
818 2939 929 2969 docent
953 2940 1033 2968 bunc
1048 2940 1136 2969 ritum

179 2978 327 3009 indictum
347 2980 442 3009 t'uissc
461 2981 555 3010 multo
574 2984 646 3010 ante
664 2980 806 3010 (ldilonis
825 2983 956 3010 aetatem
975 2990 991 3009 a
1010 2981 1137 3010 lionis-'1—

178 3021 225 3050 cio
244 3022 289 3058 lv,
306 3021 362 3051 elsi
381 3022 506 3060 quidam
524 3023 716 3052 contrarium
735 3021 882 3052 sentiant.
898 3021 963 3052 Vid.
982 3022 1136 3052 benedict.

179 3062 255 3097 XIV,
275 3063 302 3092 in
328 3071 364 3091 ro
381 3072 475 3101 opere
493 3064 574 3102 qnod
594 3063 785 3094 inscribitur:
807 3063 956 3094 'l'raitato
983 3072 1079 3103 sopra
1095 3062 1137 3101 qtt

179 3104 237 3133 atti
253 3103 289 3132 di
312 3104 421 3134 alcuni
438 3103 539 3141 Sauli,
556 3103 706 3144 de'quulz'
722 3105 749 3134 st
771 3105 805 3144 [ιι
825 3103 966 3144 l'Uflizio
983 3104 1016 3134 in
1039 3104 1136 3135 Bolo-

177 3153 252 3183 (Jnfl,
268 3156 292 3174 c.
310 3145 359 3174 ⁹32.

220 3186 232 3207 ⁴
249 3186 362 3223 Lahbc,
381 3189 399 3216 t.
424 3186 456 3225 V,
473 3195 500 3225 p.
520 3185 605 3216 1618.

1248 301 1312 338 56.
1338 302 1452 339 Eccl.
1475 307 1610 338 status
1633 303 1678 339 in
1698 303 1838 349 Italia,
1862 304 2004 341 Gallia
2023 309 2064 340 et
2080 304 2152 341 Ηί-

1195 355 1352 402 spania
1366 377 1414 381 -—
1430 354 1731 392 Ecclesiasticae
1752 367 1797 392 ac
1816 356 1943 393 civilis
1975 356 2034 393 rei
2063 368 2155 405 pro-

1192 406 1375 454 speritati
1397 411 1438 445 et
1457 407 1739 456 tranquillitati
1770 407 1809 444 in
1832 409 1948 446 Italia
1981 409 2153 446 maxime

1191 460 1431 497 obstiterunt
1444 460 1630 497 continua
1647 460 1750 497 bella
1761 461 2037 510 Longobardos
2051 462 2153 499 inter

1190 516 1231 549 et
1247 513 1430 550 Graecos.
1449 514 1521 550 An.
1536 513 1611 551 591
1629 515 1718 562 post
1731 514 1918 551 Autharis
1935 515 2039 564 regis
2054 515 2152 552 Lon-

1189 566 1454 614 gobardorum
1488 569 1681 611 mortem,
1711 567 1978 604 Theodelinda
2016 567 2150 616 regina

1189 618 1308 656 vidua
1329 631 1349 655 e
1371 631 1572 666 procerum
1594 631 1783 657 consensu
1800 619 1838 656 in
1856 620 2065 669 coniugem
2085 632 2150 658 re-

1187 684 1275 720 gem
1298 672 1417 721 elegit
1446 673 1723 721 Agilulphum,
1754 673 1895 710 ducem
1923 672 2149 719 Tam-inen-

1188 737 1283 771 sem,
1303 729 1342 762 et
1362 727 1463 773 quod
1486 738 1508 763 a
1531 726 1648 773 priori
1666 737 1735 763 suo
1752 726 1916 774 coniuge
1936 726 2149 775 impetrare

1190 791 1261 814 non
1286 779 1427 827 potuit,
1447 779 1626 815 nimirum
1661 783 1715 824 ut,
1747 779 1901 817 abiecta
1930 779 2084 816 haeresi
2104 791 2150 816 a-

1190 831 1313 878 riana,
1349 832 1582 869 catholicam
1613 832 1731 869 fidem
1767 831 1996 880 susciperet,
2026 832 2064 869 id
2098 833 2148 870 ab

1189 884 1400 933 Agilulpho
1423 885 1664 933 impetravit,
1686 888 1725 922 et
1745 886 1793 923 ab
1814 886 1888 922 hoc
1908 888 2086 934 tempore
2105 897 2148 922 o-

1190 950 1282 984 pera
1304 939 1534 986 praesertim
1558 938 1731 985 reg-inae,
1752 951 1868 987 quam
1885 951 1913 975 s.
1932 937 2148 987 Gregorius

1189 990 1239 1027 M.
1263 991 1436 1028 consiliis
1453 991 1532 1028 suis
1548 991 1757 1040 dirigebat,
1774 991 2020 1040 Longobardi
2042 1003 2084 1029 se
2100 992 2148 1029 ad

1188 1044 1420 1081 catholicam
1439 1044 1554 1081 fidem
1565 1047 1800 1081 convertere
1812 1044 2150 1093 coeperuntEius-

1187 1098 1274 1133 dem
1306 1098 1510 1135 Pontificis
1539 1097 1732 1135 industria
1762 1097 1876 1134 bellis
1909 1097 2015 1134 inter
2043 1098 2150 1134 Lon-

1189 1151 1384 1198 gobardos
1406 1153 1446 1187 et
1465 1151 1638 1188 Graecos
1653 1150 1743 1187 finis
1759 1150 1997 1188 constitutus
2013 1152 2053 1187 et
2072 1162 2149 1199 pax

1187 1203 1368 1240 confecta
1397 1206 1466 1241 est.
1490 1205 1601 1240 Anno
1630 1204 1708 1241 616
1731 1203 1942 1252 Agilulpho
1963 1203 2151 1242 successit

1189 1257 1456 1302 Adelwaldus,
1478 1256 1562 1293 eius
1584 1257 1700 1302 filius,
1722 1258 1794 1294 sul)
1813 1268 1904 1305 quo,
1921 1260 1960 1293 et
1974 1257 2045 1294 sub
2065 1256 2150 1294 eius

1185 1322 1408 1347 successore
1430 1310 1667 1356 Ariovaldo,
1687 1310 1750 1358 qui
1774 1310 1957 1358 regnavit
1977 1310 2026 1346 ab
2047 1322 2149 1347 anno

1182 1362 1261 1400 (1326
1294 1375 1417 1411 usque
1449 1364 1496 1400 ad
1518 1363 1613 1408 638,
1637 1375 1711 1412 pax
1745 1363 1848 1400 inter
1868 1363 2150 1411 Longobardos

1184 1419 1224 1452 et
1244 1417 1417 1453 Graecos
1448 1419 1705 1462 conservata,
1735 1417 1978 1465 illorumque
2007 1416 2055 1453 ad
2077 1428 2147 1453 ca-

1186 1469 1371 1506 tholicam
1393 1469 1508 1506 fidem
1530 1469 1735 1507 conversio
1757 1469 1988 1506 continuata
2008 1469 2094 1506 fuit.

1240 1523 1291 1560 In
1311 1523 1562 1559 Galliis—In
1585 1522 1725 1559 Galliis
1742 1524 1828 1572 post
1844 1523 2030 1559 diuturna
2045 1521 2150 1559 inter

1187 1575 1380 1625 principes
1400 1575 1560 1613 dissidia
1579 1579 1619 1613 et
1640 1575 1743 1613 bella
1764 1575 1911 1620 civilia,
1928 1575 2068 1624 quibus
2087 1586 2148 1613 res

1187 1628 1475 1666 ecclesiastieae
1510 1635 1550 1666 et
1584 1629 1725 1666 civiles
1758 1629 1794 1666 in
1824 1629 1978 1666 tristem
1999 1630 2148 1666 statum

1187 1682 1388 1719 coniectae
1415 1686 1527 1728 sunt,
1549 1683 1727 1731 pacatior
1747 1694 1892 1720 aurora
1921 1681 2056 1719 illuxit
2075 1694 2148 1719 an-

1187 1748 1235 1772 no
1256 1735 1347 1779 (314,
1368 1748 1442 1783 quo
1472 1736 1669 1773 Clotarius
1690 1735 1726 1772 II
1759 1735 1942 1772 universo
1971 1734 2148 1772 Franco-

1186 1801 1273 1826 rum
1294 1800 1416 1837 regno
1435 1789 1541 1826 solus
1561 1789 1709 1838 potitus
1729 1792 1800 1826 est.
1821 1789 1856 1826 Is
1872 1800 1974 1826 anno
1990 1788 2067 1825 614
2086 1788 2150 1825 vel

1185 1842 1263 1879 (315
1284 1842 1331 1879 ad
1361 1843 1671 1890 componendum
1698 1842 1896 1890 publicum
1925 1853 2055 1879 rerum
2078 1853 2146 1878 or-

1185 1896 1313 1932 dinem
1336 1896 1535 1944 episcopos
1555 1899 1595 1932 et
1624 1907 1806 1943 proceres
1826 1907 1875 1932 ex
1897 1895 2001 1932 omni
2024 1905 2146 1942 regno

1185 1949 1419 1985 convocavit
1450 1948 1634 1986 Parisios.
1670 1950 1952 1985 Convenerunt
1981 1949 2033 1985 79
2062 1947 2147 1996 epi-

1184 2001 1301 2050 scopi.
1332 2001 1469 2039 Adfuit
1498 2002 1617 2039 etiam
1649 2013 1728 2039 rex.
1754 2001 1931 2050 Episcopi
1955 2001 2147 2038 condide-

1186 2060 1277 2092 runt
1295 2054 1343 2091 15
1359 2067 1537 2100 canones,
1554 2055 1592 2091 in
1615 2055 1752 2103 quibus
1772 2056 1933 2103 praeter
1958 2054 2036 2092 alia
2055 2065 2147 2090 con*

1184 2109 1364 2145 stitutum
1387 2112 1458 2153 est,
1482 2110 1523 2144 ut
1543 2109 1757 2145 secundum
1780 2120 1971 2144 canonum
1993 2109 2146 2145 statuta

1184 2161 1388 2211 episcopus
1405 2174 1427 2197 a
1445 2161 1696 2209 metropolita
1718 2173 1806 2198 rum
1826 2160 2146 2209 provincialibus,

1183 2216 1288 2251 clero
1317 2218 1356 2252 ot
1390 2215 1530 2263 populo
1562 2214 1738 2251 civitatis
1768 2214 1890 2260 gratis
1918 2214 2147 2263 eligeretur3

1184 2268 1313 2305 nullus
1343 2268 1549 2316 episeopus
1577 2268 1745 2315 eligeret
1774 2267 1845 2304 sibi
1867 2279 2145 2312 successor-erm

1182 2321 1310 2358 (derit-i
1335 2324 1472 2358 contra
1492 2321 1691 2369 episcopos
1712 2332 1802 2358 suos
1820 2333 1892 2357 non
1910 2324 2149 2369 quaererent

1185 2375 1399 2422 patrocinia
1421 2374 1698 2422 potentiorum
1720 2374 1851 2411 nullus
1878 2374 1997 2411 iudex
2017 2385 2148 2411 saecu-

1183 2427 1275 2464 laris
1294 2428 1456 2464 clericos
1474 2427 1554 2463 sine
1580 2427 1745 2475 episcopi
1778 2438 1967 2464 consensu
1997 2438 2144 2475 appre-

1185 2481 1375 2517 henderet
1396 2484 1465 2517 aut
1486 2481 1703 2526 damnarem
1725 2481 1812 2517 litos
1828 2481 1932 2517 inter
1948 2480 2148 2528 episcopos

1184 2546 1257 2570 non
1282 2545 1304 2570 a
1326 2534 1455 2570 iwlioo
1479 2533 1646 2582 publico,
1668 2535 1734 2570 sed
1765 2546 1788 2570 a
1810 2533 2057 2582 metropolita
2077 2545 2146 2570 co-

1183 2590 1486 2635 gnoscerentur3
1509 2587 1689 2624 monachi
1723 2590 1762 2623 et
1784 2587 1970 2624 moniales
1986 2585 2075 2634 vagi
2098 2586 2146 2623 ab

1182 2640 1361 2688 episcopo
1383 2640 1429 2676 ad
1453 2640 1694 2678 monasteria
1714 2640 1842 2677 redire
1867 2639 2149 2688 compelleren-

1182 2695 1248 2730 tur
1268 2697 1307 2729 et
1328 2694 1566 2730 reluctantes
1596 2693 2060 2739 excomm[inicarentur3
2085 2691 2145 2729 vi-

1183 2747 1281 2783 duae
1303 2749 1342 2783 et
1365 2746 1530 2794 puellae,
1553 2759 1652 2795 quae
1675 2747 1819 2783 reiecto
1847 2745 2047 2794 religionis
2067 2745 2144 2783 ha-

1183 2800 1262 2835 bitu
1286 2804 1421 2836 eontra
1445 2807 1578 2836 votum
1601 2800 1757 2848 nuptias
1778 2799 1976 2845 iniissent,
1998 2811 2020 2835 a
2045 2810 2145 2835 com-

1183 2852 1365 2889 munione
1382 2857 1687 2901 segregarentur
1705 2865 1824 2902 usquc
1841 2852 1889 2890 ad
1905 2851 2143 2889 emendatio-

1226 2980 1234 3000 ¹
1254 2980 1346 3011 Multo
1383 2985 1458 3011 :inte
1487 2982 1568 3011 bunc
1598 2981 1777 3012 rontincem
1809 2981 1912 3012 iterari
1945 2980 2146 3011 consuevisse

1184 3023 1294 3051 Missa.-
1309 3023 1496 3052 sar1·ili‹·iuin
1514 3024 1606 3053 tradit
1622 3024 1680 3053 Leo
1696 3022 1967 3062 Magnus(1‹1ptst.t
1980 3022 2004 3058 l,
2016 3021 2140 3053 alias81

1182 3063 1220 3093 ad
1242 3063 1380 3093 Dios-cor.
1397 3064 1574 3095 ,sile-truncti:
1591 3075 1615 3095 c.
1627 3064 1657 3102 2)
1674 3064 1733 3095 vid.
1747 3065 1775 3094 in
1791 3065 1856 3095 eius
1882 3063 1959 3095 tica.
1977 3075 1988 3091 α
2000 3064 2144 3094 Fortasse

1184 3105 1264 3143 ‹piod
1284 3106 1341 3135 imo
1359 3106 1547 3135 necessitate
1567 3110 1696 3145 urgente
1712 3129 1720 3143 ‚
1739 3105 1767 3135 id
1786 3104 1955 3135 Deusdcdit
1979 3105 2044 3135 lieri
2069 3113 2144 3144 per-

1183 3147 1265 3218 inislit
1289 3156 1399 3176 ‹nuiss-:i
1419 3147 1542 3186 pietatis
1567 3147 1596 3177 in
1616 3148 1710 3178 Deum
1723 3158 1734 3174 n
1749 3155 1757 3185 ;
1773 3148 1815 3177 ita
1831 3146 1970 3185 Sandini,
1985 3147 2086 3176 innot.
2103 3144 2145 3176 ad

1186 3196 1211 3218 s.
1256 3187 1407 3218 eusdcdit.
