2241 3473
670 185 796 217 stvss
824 185 876 212 AD
906 184 1235 213 IANSENISTARVM
1262 183 1438 212 ExoRDIA

91 253 302 302 martyrem
322 262 357 289 s.
374 250 608 289 Marcellum
629 250 645 288 1
668 249 694 288 ¹.
728 249 1027 289 Contestabatur

91 317 132 344 se
145 316 353 353 numquam
369 304 660 353 permissurum,
671 306 713 341 ut
724 304 859 352 quibus
875 304 1028 340 deman-

92 358 185 406 data
202 362 302 395 esset-
321 370 414 395 cura
429 358 659 403 animarum,
679 357 703 394 ii
725 357 772 394 ab
792 356 872 393 suis
890 355 1027 393 Eccle-

92 410 159 449 siis
196 411 386 457 abessent,
415 414 483 448 aut
520 410 677 460 politica
713 410 843 447 munia
863 409 1027 446 obirent.

93 463 223 506 Quare
244 463 352 501 laicis
380 463 566 502 mandare
588 464 817 502 decreverat
836 460 1029 511 Reipubli-

95 528 164 554 cae
185 518 506 566 procurationem.

158 569 347 608 Marcello
368 570 403 607 11
426 568 601 608 Pontifici
631 568 816 606 suffectus
837 566 911 604 fuit
930 567 1030 604 Pau-

93 621 155 661 lus
174 622 244 668 IV,
259 622 553 672 Neapolitanus,
565 625 678 659 antea
697 620 914 669 appellatus
927 619 1031 656 Ioan-

94 687 162 713 nes
203 675 345 714 Petrus
385 674 594 713 cardinalis
634 673 774 712 Cal-afa
791 703 800 719 ,
828 672 1031 722 episcopus

97 728 324 775 Theatinus,
343 741 367 766 a
387 741 460 778 quo
481 727 609 765 clerici
632 726 848 775 Regulares
868 736 1031 774 quorum

98 793 187 819 cum
207 793 236 820 S.
253 782 439 820 Caietano
456 780 528 818 fuit
544 780 756 826 institutor,
768 778 949 816 Theatini
965 789 1034 815 co-

103 835 398 884 gnominantur,
421 837 463 871 ut
490 845 610 882 supra
634 830 830 870 diximus².
852 832 888 869 Is
903 831 947 869 x⁰
964 842 1034 868 ca-

98 887 232 925 lendas
242 887 348 933 iunii,
361 887 457 924 festo
471 886 716 924 Ascensionis
727 885 869 923 Christi
879 884 916 921 in
934 885 1032 922 Cae-

98 939 192 987 lum,
212 940 398 978 vicariam
418 940 512 978 Eius
538 940 575 977 in
596 939 710 977 terris
726 949 926 988 personam
947 949 1036 975 sus-

99 994 224 1031 tinere
257 994 395 1042 coepit.
430 993 583 1031 Aetatis
621 995 708 1030 erat
744 992 823 1029 iam
851 994 1015 1028 exactae
1028 1019 1037 1036 ,

97 1057 219 1084 annos
249 1051 365 1084 natus
394 1046 456 1093 793
477 1047 542 1084 sed
564 1048 752 1095 vegetum
778 1045 977 1094 ingenium
998 1044 1036 1080 in

103 1099 236 1137 vivido
257 1103 414 1149 pectore
435 1099 606 1149 vigebat,
627 1099 856 1147 virebatque
875 1096 1037 1146 integris

99 1152 287 1191 sensibus.

151 1205 225 1243 Hic
246 1205 426 1244 Pontifex
458 1205 746 1244 conservandae
767 1207 806 1241 et
826 1204 1031 1241 vindican-

99 1259 171 1298 dae
189 1259 227 1297 in
246 1262 328 1297 toto
349 1260 440 1297 orbe
457 1259 666 1298 christiano
684 1258 922 1296 orthodoxae
942 1256 1030 1294 fidei

145 1388 154 1410 ¹
173 1388 214 1418 De
231 1396 286 1418 usu
309 1386 446 1418 mutandi
469 1387 592 1417 nomina
610 1385 819 1421 Pontificibus,
837 1386 881 1416 sic
906 1384 1043 1425 Angelus

104 1429 142 1460 de
157 1429 239 1460 Nuce
253 1431 297 1465 <in
314 1429 423 1460 Leonis
440 1428 588 1460 Ostiensis
604 1426 722 1460 Cliron.
739 1425 856 1464 Casin„
871 1427 890 1458 l.
907 1425 933 1461 3,
951 1436 976 1457 c.
993 1425 1045 1462 66,

103 1479 132 1502 n.
146 1470 280 1510 6,p.476)
291 1473 388 1501 tenet:
407 1471 558 1500 «Christus
572 1479 683 1500 novum
699 1468 854 1499 Ecclesiae
869 1468 1044 1499 Pontificem

104 1512 257 1542 Simonem
282 1512 474 1542 constituens
487 1536 494 1548 ,
511 1510 644 1542 Petrum
668 1511 771 1540 vocari
802 1510 912 1547 voluit,
927 1519 967 1541 ex
984 1511 1046 1539 Au-

104 1553 227 1593 gustino
243 1552 290 1592 (in
306 1552 397 1583 Ioan.
415 1561 439 1584 c.
458 1552 483 1590 I,
501 1556 589 1584 tract.
606 1552 633 1590 7,
651 1552 666 1592 ἕ
684 1551 743 1590 14),
761 1555 793 1581 ut
809 1552 878 1582 inde
903 1561 967 1583 mos
985 1551 1043 1580 iste

105 1594 256 1634 originem
272 1594 414 1625 derivare
431 1595 577 1633 potuerit;
593 1603 628 1624 eo
642 1594 732 1624 etiam
745 1593 863 1630 addito,
877 1594 959 1632 quod
973 1601 1047 1623 non-

105 1636 180 1666 nulli
198 1635 360 1667 Pontifices
377 1637 501 1666 nomina
517 1635 654 1666 barbara
671 1635 756 1674 prius
781 1635 948 1674 haberent,
967 1642 1046 1673 quae

104 1677 250 1708 Romanis
274 1677 400 1707 auribus
425 1676 532 1707 durum
557 1680 585 1707 et
608 1677 765 1716 ingratum
782 1676 853 1715 quid
871 1677 1046 1713 sonabant3

106 1718 237 1758 ideoque
253 1727 322 1749 cum
338 1727 372 1748 ex
390 1719 552 1749 Germania
567 1719 701 1749 etGallia
718 1718 896 1754 Get-bertus,
913 1717 1042 1755 Suidge-

108 1760 532 1799 rus‚Poppo,Hildebrandus
550 1760 712 1794 venissent,
729 1760 758 1789 in
776 1759 962 1797 silvestrem,
975 1759 1040 1788 Cle-

108 1807 250 1838 mentem,
267 1803 445 1838 Damasum,
461 1801 641 1840 Gregorium
657 1801 764 1830 mutati
779 1805 858 1831 sunt.

150 1843 341 1873 mabillonius
360 1842 470 1880 (Pi-aes.
487 1843 528 1872 ad
556 1850 635 1872 suec.
658 1841 681 1874 V
695 1841 860 1873 Benedici.
877 1842 892 1883 ἕ
913 1842 936 1879 1,
953 1851 980 1872 n.
1000 1840 1014 1870 7
1034 1842 1045 1879 )

110 1884 262 1916 interdum
279 1884 398 1921 scribit,
414 1885 555 1914 loannem
573 1883 626 1913 xii
645 1886 704 1921 (an.
722 1883 793 1919 956)
807 1884 900 1914 l'uissc
918 1884 1048 1923 primum

111 1926 214 1957 novati
229 1927 257 1956 in
270 1927 405 1956 Romano
416 1924 558 1955 pontifice
575 1925 705 1954 nominis
723 1925 902 1963 exemplum,
916 1928 945 1955 et
957 1925 1052 1955 Baro-

112 1969 184 1998 nius
211 1967 264 2006 (ad
276 1966 418 2004 an.955),
440 1966 568 2006 loquens
591 1966 628 1996 de
644 1967 756 1996 Ioanne
773 1967 834 2004 xit,
852 1966 963 1997 subdit:
986 1965 1054 1995 «Hic

113 2012 214 2039 autem
232 2018 264 2039 re
282 2017 354 2038 vera
371 2010 486 2047 primus
517 2009 656 2038 inventus
671 2031 678 2045 ‚
705 2008 755 2046 qui
772 2009 899 2038 mutavit
927 2008 983 2038 sibi
999 2015 1055 2036 no-

113 2059 193 2087 men,
211 2052 243 2080 ut
260 2051 311 2089 qui
327 2058 363 2079 ex
380 2049 548 2080 Octaviano
566 2049 695 2079 voluerit
711 2049 861 2079 nominari
878 2049 1009 2079 Ioannes
1026 2059 1052 2076 u.

112 2093 165 2122 Ast
190 2099 238 2121 res
269 2093 297 2121 in
323 2099 440 2121 morem
458 2099 516 2120 non
537 2095 613 2124 erat.
627 2091 735 2120 saltem
753 2099 850 2130 usqne
867 2090 904 2120 ad
922 2089 1054 2120 Benedi—

115 2136 196 2163 ctum
218 2133 256 2163 lx
278 2135 339 2168 (an.
353 2132 452 2169 10121,
475 2140 510 2162 ex
526 2141 586 2172 quo
602 2136 740 2170 tempore
757 2133 804 2161 vix
821 2133 995 2171 quempiam
1011 2139 1055 2161 re-

115 2175 227 2213 peries,
243 2173 297 2213 qui
312 2182 422 2204 nomen
438 2182 498 2204 non
516 2174 691 2204 mutaverit.
704 2175 765 2204 Nec
776 2173 831 2203 fuit
845 2177 961 2203 tantum
975 2174 1054 2203 Mar-

117 2216 213 2247 cellus
238 2216 289 2255 qui
319 2216 476 2254 proprium
500 2216 623 2245 retinuit
639 2223 748 2245 nomen
764 2239 770 2250 ,
788 2223 857 2245 nam
876 2214 967 2254 paulo
986 2216 1054 2244 ante

115 2256 292 2287 Marcellum
310 2255 334 2286 lt
351 2256 522 2287 Hadrianus
541 2257 577 2287 vt
594 2256 755 2295 pristinum
772 2255 928 2287 Hadriani
945 2264 1053 2286 nomen

117 2298 251 2335 retinuit,
267 2297 377 2328 ductus
393 2297 555 2328 virtutihus
571 2301 600 2327 ct
616 2298 697 2328 sama
713 2297 891 2328 Pontificum
909 2298 975 2328 eius
998 2305 1056 2327 no—

118 2339 216 2369 minis.
233 2340 334 2375 Quare
349 2340 451 2377 inepte
465 2340 496 2370 P.
509 2339 618 2369 Suavis
634 2339 763 2369 miratur
775 2339 951 2369 Marcellum
968 2346 1055 2368 suum

121 2388 182 2410 non
198 2385 332 2410 mutasse
350 2389 470 2418 nomen,
486 2380 579 2420 idque
596 2389 708 2410 novum
722 2385 751 2410 et
768 2381 945 2411 inusitatum
964 2389 1056 2419 repu-

121 2423 172 2451 tat.
190 2419 326 2459 Ineptum
343 2430 465 2461 quoque
482 2422 718 2452 obtrectatorem
736 2430 769 2452 se
783 2421 893 2459 prodit,
908 2430 975 2452 cum
993 2430 1055 2451 mo-

121 2470 186 2493 rem
202 2461 332 2492 nominis
347 2462 495 2500 mutandi,
508 2471 596 2503 quem
614 2463 740 2493 Romani
757 2462 916 2493 Pontifices
933 2462 1056 2499 habent,

124 2502 322 2533 ambitiosum
345 2502 426 2534 dieii.
444 2504 551 2534 Verum
567 2505 634 2543 ipse
651 2504 796 2543 ignorare
818 2504 900 2534 haud
926 2507 1056 2542 poterat,

122 2542 256 2576 Fratres
272 2544 365 2583 ipsos,
381 2546 433 2584 qui
448 2545 570 2585 quidem
587 2544 807 2576 humilitatem
822 2546 965 2576 eximiam
985 2553 1057 2584 pro-

123 2585 257 2622 fitentur,
273 2585 410 2615 eumdem
429 2594 543 2618 morem
566 2587 661 2626 sequi.
678 2587 757 2617 Sane
780 2586 902 2627 quidem
926 2586 1057 2616 advertit

125 2627 276 2657 Baronius
293 2626 342 2662 (ad
357 2635 405 2657 an.
424 2625 520 2665 1009,
536 2632 552 2659 S
569 2626 629 2665 3),
645 2632 674 2658 et
696 2627 858 2658 confirmat
870 2628 1057 2666 epitaphium

126 2667 227 2708 Sergii
245 2668 295 2704 tv,
312 2667 394 2706 apud
410 2668 538 2698 eundem
555 2669 751 2708 Scriptorem,
763 2669 800 2699 ad
818 2678 866 2699 an.
884 2668 980 2705 1012,
997 2667 1013 2709 ἕ
1031 2668 1058 2705 1,

126 2709 296 2740 humilitate
318 2717 378 2739 non
402 2709 545 2747 superbia
569 2711 723 2740 Romanos
740 2710 902 2741 Pontifices
926 2710 1057 2740 nominis

126 2749 263 2781 mutandi
279 2759 392 2781 morem
405 2759 557 2781 servasse.
570 2751 708 2782 Profecto
722 2752 847 2790 Sergius
860 2752 905 2789 lV,
919 2760 965 2781 an.
981 2750 1059 2782 1009

127 2800 194 2822 cum
211 2792 318 2822 Petrus
335 2791 552 2831 appellaretur,
569 2801 679 2823 nomen
696 2794 832 2830 mutavit,
849 2801 885 2823 eo
901 2792 980 2832 qnod
999 2801 1058 2822 non

126 2832 265 2870 auderet,
282 2841 391 2863 nomen
415 2840 523 2873 gerere
540 2833 676 2872 Apostoli
700 2834 777 2864 Petri
793 2859 800 2872 ,
816 2842 905 2874 quem
921 2833 1058 2864 Christus

127 2874 194 2913 ipse
210 2876 339 2913 primum
355 2873 484 2904 suumin
498 2875 589 2905 terris
603 2874 751 2906 vicarium
764 2876 972 2906 constituerat.
987 2874 1060 2905 Vide

127 2924 249 2956 quoque
266 2915 323 2946 vol.
340 2915 363 2952 1,
380 2924 407 2954 p.
425 2914 499 2945 264.

168 2958 183 2980 2
196 2956 339 2988 1³.156.—
351 2955 662 2991 Oldoinustaddit.ad
677 2955 939 2997 ciaconium,t.3.
951 2966 978 2996 p.
988 2955 1060 2993 827)

131 2998 248 3028 scribit:
262 2997 477 3036 «Neapolitana
487 2999 598 3028 Civitas
609 3006 644 3028 ac
654 2998 757 3029 Clerus
766 3008 876 3029 novum
887 2998 1060 3030 Pontificem

129 3042 306 3077 exorarunt,
324 3043 356 3069 ut
373 3040 670 3069 civitatemnntisiite
687 3039 746 3069 alio
763 3039 793 3069 in
807 3041 871 3070 eius
885 3040 982 3070 locum
997 3049 1064 3078 pro-

133 3079 260 3120 viderem
274 3085 304 3111 at
320 3081 431 3111 Paulus
449 3080 582 3119 benigne
605 3080 776 3118 respondit:
794 3081 962 3111 Ecclesiam
980 3081 1063 3112 illam

133 3129 193 3152 non
212 3122 443 3159 vacare,vivere
454 3121 553 3152 adhuc
567 3130 670 3152 corum
686 3122 976 3162 archiepiscopum:
992 3123 1063 3160 Nos,

1879 169 1952 208 167

1068 261 1240 289 summas
1260 261 1373 288 curas
1392 248 1593 298 impendit.
1628 248 1673 287 In
1691 247 1795 285 hunc
1821 245 1938 284 finem
1957 245 2006 283 ad

1069 304 1244 342 diversos
1281 303 1475 353 principes
1512 301 1725 351 legationes
1753 299 1879 346 misit;
1901 299 2005 336 Con-

1071 358 1338 406 gregationem
1371 356 1408 394 S.
1431 355 1554 394 Officii
1583 365 1652 392 seu
1687 353 1964 402 Inquisitionis,
1985 362 2007 388 a

1072 411 1196 448 Paulo
1218 410 1274 447 ΙΙΙ
1295 410 1528 453 institutam,
1558 407 1804 445 confirmavit
1823 408 1864 444 et
1882 405 2008 443 maio-

1072 463 1104 500 ri
1125 464 1359 501 auctoritate
1379 462 1539 499 donavit
1559 461 1590 500 ¹.
1611 461 1707 499 Cum
1727 462 1884 510 propter
1904 470 2007 497 seve-

1073 516 1229 554 ritatem
1251 515 1368 552 metui
1393 527 1432 552 se
1459 515 1620 552 nimium
1650 512 2005 557 animadvertisset,

1071 569 1181 606 initio
1217 569 1366 606 lautum
1398 579 1438 605 se
1470 579 1514 605 ac
1535 567 1783 616 magnificum
1820 565 2009 616 praebuit,

1075 624 1208 670 postea
1227 621 1282 658 ita
1301 632 1342 658 se
1363 620 1494 669 gessit,
1516 624 1557 658 ut
1578 626 1617 658 et
1637 620 1737 658 Cleri
1755 621 1906 668 sapiens
1926 630 2007 656 cen·

1073 687 1147 719 sor,
1167 678 1206 711 et
1226 673 1488 711 Cardinalium
1509 674 1678 722 prudens
1708 673 1943 718 emendator,
1963 682 2010 708 ac

1075 727 1235 765 deliciae
1256 726 1422 764 Romani
1442 726 1572 775 populi
1589 727 1810 772 haberetur,
1826 727 1942 775 atque
1962 724 2009 761 ob

1075 793 1161 818 eam
1181 791 1338 818 causam
1359 779 1395 816 ei
1414 781 1544 817 statua
1564 782 1771 828 poneretur
1790 780 1826 816 in
1851 778 2012 827 Capito-

1075 834 1124 872 lio
1145 833 1171 872 ².
1193 833 1482 871 Elaborandum
1515 833 1671 870 curavit
1690 832 1858 870 Indicem
1887 829 2012 870 libro-

1078 899 1163 925 rum
1184 886 1462 936 prohibitorum
1496 897 1561 923 seu
1596 886 1922 934 perniciosorum,
1945 896 2014 922 cu-

1076 941 1197 978 iusvis
1216 939 1435 988 argumenti
1457 938 1520 976 vel
1540 940 1710 976 auctoris
1739 943 1893 977 essent:
1927 949 2016 975 eos-

1078 1006 1151 1043 que
1171 994 1241 1031 sub
1263 1005 1385 1042 poena
1400 992 1811 1030 excommunicationis
1824 1022 1832 1038 ‚
1852 992 1933 1041 ipso
1954 991 2019 1029 fa·-

1079 1051 1141 1085 cto
1162 1046 1416 1084 incurrendae
1437 1045 1543 1083 et'R.
1564 1045 1745 1083 Pontifici
1773 1047 2019 1092 reservatae,

1080 1099 1308 1150 privationis
1329 1100 1501 1136 omnium
1522 1110 1727 1136 munerum
1749 1101 1788 1136 et
1808 1100 2020 1148 perpetuae

1081 1153 1266 1191 infamiae
1284 1182 1293 1199 ,
1313 1152 1391 1201 legi
1410 1164 1455 1190 ac
1475 1152 1634 1189 retineri
1661 1152 1786 1189 vetuit
1806 1151 1832 1190 3.
1853 1151 2013 1189 Festum

1082 1208 1283 1245 Romanae
1303 1206 1522 1244 Cathedrae
1543 1217 1571 1243 s.
1590 1205 1698 1243 Petri
1719 1205 1796 1243 iam
1818 1205 2015 1243 exoletum

1084 1259 1297 1305 revocavit,
1315 1271 1360 1296 ac
1375 1258 1571 1308 praecepit
1586 1261 1658 1296 xv⁰
1675 1258 1822 1297 calend.
1833 1257 2022 1296 februarii

1085 1313 1271 1351 celebrari
1289 1342 1298 1358 ,
1328 1312 1525 1362 professus
1544 1324 1584 1350 se
1605 1312 1643 1349 id
1664 1311 1791 1350 facere
1811 1310 2023 1350 haereticis

1086 1366 1322 1412 refellendis,
1342 1366 1407 1415 qui
1426 1368 1616 1414 negarent
1645 1365 1852 1414 aliquando
1872 1366 2022 1403 Romae

1086 1420 1203 1458 fuisse
1237 1419 1510 1469 Apostolorum
1543 1418 1764 1468 Principem
1783 1418 1809 1457 ⁴.
1839 1419 1883 1456 In
1918 1416 2027 1455 India

1088 1473 1289 1512 ecclesiam
1309 1473 1495 1519 Goanam,
1512 1472 1703 1510 hactenus
1725 1470 2025 1521 Olisipponcnsis

1088 1527 1373 1575 suffraganeam
1391 1555 1401 1572 ‚
1435 1525 1625 1574 dignitate
1646 1528 1685 1564 et
1703 1525 1855 1563 iuribus
1875 1527 2026 1562 metro-

1088 1581 1254 1630 politicis
1274 1579 1400 1625 auxit3
1419 1579 1459 1616 in
1480 1578 1647 1617 Cochino
1682 1578 1842 1628 aliisque
1863 1578 2026 1616 urbibus

1091 1635 1334 1683 episcopatus
1368 1632 1538 1670 instituit
1573 1635 1613 1670 61
1631 1632 1789 1670 Goanae
1822 1630 2026 1680 metropoli

1091 1687 1263 1725 subiecit.
1286 1688 1329 1723 In
1351 1686 1498 1735 Belgio,
1531 1685 1750 1735 postulante
1779 1685 1958 1734 Philippo
1978 1684 2030 1731 ΙΙ,

1093 1741 1156 1790 qui
1177 1752 1238 1777 an.
1252 1739 1460 1788 1555patri
1481 1750 1551 1776 suo
1567 1738 1796 1777 CaroloVin
1807 1737 2030 1787 Hispaniae,

1094 1794 1248 1831 Siciliae
1268 1796 1309 1830 et
1327 1793 1453 1841 Belgii
1473 1793 1603 1841 regnis
1623 1794 1877 1839 successerat,
1900 1792 1947 1829 14
1967 1803 2031 1828 no·

1094 1859 1161 1884 vos
1181 1847 1424 1895 episcopatus
1438 1846 1704 1895 superaddidit
1718 1846 1742 1882 4
1758 1845 1943 1894 antiquis,
1964 1844 2031 1883 Ga-

1093 1900 1306 1938 meracensi
1321 1929 1331 1944 ,
1351 1899 1640 1945 Ultraiectensi,
1660 1899 1893 1936 Tornacensi
1914 1901 1953 1935 et
1972 1898 2028 1935 A..

1095 1953 1319 1999 trebatensi3
1339 1953 1363 1990 3
1384 1953 1534 1990 creavit
1563 1952 1823 2002 metropoles,
1851 1951 2031 1989 nimirum

1094 2006 1411 2045 Mechliniensem
1431 2036 1440 2052 ,
1473 2017 1591 2055 quam
1624 2006 1742 2044 etiam
1772 2004 2030 2055 primatialem

1097 2059 1233 2103 voluit,
1253 2059 1393 2108 cuique
1413 2059 1736 2108 Antverpiensem
1756 2088 1765 2105 ,
1797 2059 2034 2096 Gandaven-

1095 2125 1189 2160 sem,
1208 2113 1460 2161 Brugensem,
1482 2114 1678 2161 Iprensem
1691 2142 1700 2159 ‚
1729 2112 2036 2150 Ruremunden-

1096 2179 1175 2204 sem
1196 2170 1235 2203 61
1254 2165 1604 2213 Buscoducensem3
1625 2167 1954 2212 Cameracmsem,
1974 2164 2035 2202 cui

1099 2221 1385 2257 Tornacensem
1401 2249 1410 2266 ‚
1432 2220 1739 2266 Atrebatensem,
1760 2219 2036 2256 Andomaren-

1096 2285 1189 2318 sem,
1211 2275 1250 2310 et
1269 2272 1593 2319 Namurcensem3
1614 2272 1953 2316 Ultraiectensem,
1973 2271 2035 2308 cui

1098 2324 1402 2372 Harlemensem,
1416 2326 1754 2372 Daventriensem,
1771 2325 2036 2363 Leovardien-

1096 2379 1479 2428 sem‚Gronigensem
1495 2382 1534 2416 et
1544 2379 1923 2427 Middelburgensem
1947 2377 2032 2426 epi-

1096 2435 1275 2482 scopatus
1291 2432 1468 2478 subiecit3
1484 2431 1545 2470 ius
1564 2432 1882 2469 nominandorum
1898 2432 1946 2468 ad
1966 2442 2035 2467 eas

1097 2487 1206 2524 sedes
1241 2485 1510 2535 episcoporum
1542 2485 1731 2523 concessit
1751 2484 1928 2533 Philippo
1950 2484 2032 2532 regi

1099 2540 1259 2588 eiusque
1278 2539 1575 2576 successoribus.
1597 2539 1654 2576 Ad
1672 2537 1936 2575 reformandos
1957 2548 2031 2573 mo-

1098 2603 1158 2630 res
1178 2596 1218 2630 et
1238 2592 1487 2640 corrigendos
1521 2592 1663 2629 abusus
1687 2590 1817 2628 varias
1837 2590 2033 2628 constitu-

1097 2646 1224 2683 tiones
1243 2646 1375 2683 edidit.
1392 2645 1591 2683 Hebraeos
1611 2645 1649 2682 in
1667 2643 1859 2681 Ecclesiae
1889 2642 2033 2681 ditione

1139 2749 1154 2784 ¹,
1169 2750 1232 2781 Vid.
1250 2759 1279 2789 p.
1298 2749 1402 2787 156111
1420 2753 1480 2780 not.

1139 2790 1152 2811 9
1170 2792 1266 2829 Quum
1285 2792 1313 2822 in
1329 2791 1526 2831 corrigendis
1550 2789 1697 2820 abusibus
1716 2787 1828 2819 Paulus
1844 2787 1880 2818 IV
1897 2785 2042 2827 quando-

1101 2842 1158 2873 que
1173 2833 1336 2863 severitate
1355 2841 1426 2863 usus
1442 2833 1562 2869 fuisset,
1582 2836 1650 2870 post
1665 2831 1730 2861 eius
1747 2829 1862 2860 obitum
1878 2829 1958 2859 hanc
1973 2832 2045 2859 sta-

1100 2879 1182 2905 tuam
1200 2874 1376 2905 deiecerunt
1393 2873 1523 2912 improbi
1542 2873 1689 2907 homines,
1704 2871 1742 2901 ob
1766 2870 1976 2901 confirmatum
2003 2869 2042 2899 ab

1102 2925 1138 2946 eo
1155 2919 1338 2955 auctumque
1355 2914 1536 2944 auctoritate
1550 2913 1685 2943 tribunal
1700 2912 1909 2952 inquisitionis
1923 2919 2043 2941 sacrae.

1104 2957 1254 2987 Deiectam
1271 2957 1407 2995 reposuit
1420 2956 1556 2986 Clemens
1571 2955 1607 2985 xl
1625 2958 1654 2984 ct
1668 2955 1765 2984 basim
1781 2953 1838 2983 sub
1855 2962 1891 2982 ea
1906 2952 2040 2983 colloca-

1103 2998 1154 3035 vit,
1169 2999 1405 3036 inscripsitque:
1421 2995 1526 3026 Paztlo
1545 2994 1688 3027 IVPont.
1703 2994 1783 3026 Max.
1797 2993 1952 3024 scelerum
1970 2993 2039 3023 vin-

1102 3038 1168 3070 dici
1190 3039 1410 3078 integerrimo,
1431 3036 1611 3068 Catholicae
1626 3035 1718 3068 Fidei
1739 3036 1896 3066 acerrimo
1911 3042 2037 3074 propu-

1102 3081 1241 3120 ynatori.
1260 3080 1455 3118 chaynald.
1474 3083 1503 3108 et
1518 3078 1672 3116 Spondan.
1694 3077 1731 3108 ad
1749 3087 1798 3108 an.
1815 3076 1957 3107 1555-59.

1143 3121 1156 3142 ³
1173 3121 1297 3152 Constit.
1315 3120 1362 3159 77,
1378 3130 1407 3160 p.
1426 3119 1493 3158 108,
1507 3124 1524 3150 t.
1541 3120 1564 3150 ll
1578 3118 1715 3151 Bullarii
1731 3127 1738 3156 ;
1755 3117 1962 3158 Spondan.ad
1981 3126 2031 3149 an.

133 3162 185 3201 qui
202 3172 298 3203 usque
314 3163 415 3194 adhuc
429 3163 580 3203 singulari
597 3163 752 3202 prosecuti
769 3172 872 3194 sumus
895 3172 998 3194 amore
1013 3173 1063 3203 pa·
1105 3162 1194 3199 1557,
1211 3162 1226 3202 ἕ
1243 3163 1272 3193 5.

132 3203 222 3234 triam
240 3228 247 3242 ,
271 3214 307 3235 ac
332 3204 501 3235 Ecclesiam
529 3212 692 3243 sponsam,
715 3204 774 3234 Nos
791 3203 834 3235 illi
857 3205 886 3235 in
910 3208 1063 3244 posterum

135 3245 242 3277 eodem
258 3245 368 3278 affectu
384 3245 573 3285 praeerimus
587 3256 613 3276 u.
629 3246 745 3276 Vidcsis
761 3255 790 3285 p.
806 3245 846 3277 44
860 3247 891 3276 in
908 3250 970 3278 not.

1145 3203 1158 3225 4
1174 3203 1310 3240 Sandini‚
1320 3201 1633 3244 Disputafflistoric.
1648 3202 1689 3233 ΙΙΙ
1702 3202 1751 3233 De
1765 3199 1967 3241 Cathedra-I).
1986 3199 2045 3231 Pe-

1106 3244 1148 3276 tri
1163 3244 1318 3276 Romana.
1334 3258 1338 3261 ·
