2241 3473
718 187 855 217 VSQVE
876 187 930 215 AD
953 184 1238 214 PRAESENTEM
1263 184 1466 214 ΑΕΤΑΤΕΜ

110 268 198 295 mae
214 256 302 294 fidei
317 256 552 305 lumen,quo
581 257 705 304 magis
721 257 857 294 indies
884 259 942 292 tot
969 255 1048 291 illu-

109 316 286 349 strantur
300 310 579 357 rcgioncs,tum
591 310 1049 358 egregioCatholicorum

109 376 209 412 erga
235 365 359 412 ipsam
387 364 606 400 Ecclesiam
636 365 795 412 eiusque
814 365 962 401 visibile
981 365 1052 401 Ca·

109 423 178 466 put
195 429 330 454 amore
350 424 387 454 et
407 418 545 461 studio,
567 424 647 454 tum
667 419 809 465 insigni
829 423 867 454 et
896 419 1051 454 immor-

110 471 176 507 tali
203 472 380 518 martyrii
409 472 536 518 gloria
554 474 580 504 ¹.
601 471 675 507 Sed
695 483 782 507 cum
803 471 1050 507 dissimulare

110 535 187 560 non
213 531 347 572 posset
375 524 574 567 Pontifex,
602 525 856 560 acerbissimo
889 535 932 560 se
958 525 1051 571 angi

109 577 257 619 dolore,
278 589 326 614 00
340 578 439 625 quod
457 579 678 614 Societates
693 577 1052 613 ecclesiasticorum

108 630 308 667 hominum
338 632 402 667 tali
432 643 553 678 pravo
580 631 720 679 spiritu
739 631 936 666 animatae
964 642 1051 666 000-

109 686 383 725 stituerentur,
413 686 566 733 qualem
596 696 715 732 supra
733 685 1052 728 memoravimus,

109 749 178 775 eas
199 739 382 785 reprobat
404 749 449 775 ac
469 739 645 782 damnat,
667 743 780 785 atque
801 738 938 774 eodem
958 743 1052 774 tem-

110 802 218 837 pore,
238 793 307 835 ait,
327 792 423 827 «lios
443 793 620 828 infelices
639 791 929 828 ecclesiasticos
946 793 1052 828 viros

108 845 227 881 etiam
256 850 370 893 atque
390 846 508 881 ctiam
535 857 752 888 monemus,
773 845 993 888 hortamur,
1012 851 1054 882 ut

110 897 359 945 resipiscant,
380 904 419 934 et
438 899 600 935 redeant
624 898 672 934 ad
691 909 772 941 cor,
794 898 1052 946 propriaeque

110 951 228 986 saluti
257 952 475 995 consulant,
502 952 604 988 serio
631 951 928 988 considerantes
956 952 1053 999 quod

107 1017 127 1038 α
143 1004 291 1040 0111111111
312 1005 360 1040 ab
377 1006 463 1041 aliis
483 1006 608 1041 maius
625 1005 920 1052 praeiudicium,
937 1016 1051 1052 quam

108 1070 128 1092 c
145 1068 168 1093 a
193 1058 472 1095 Sacerdotibus
504 1060 645 1096 tolerat
663 1058 944 1106 Deus,quando
968 1070 1052 1103 eos,

107 1124 127 1146 «
143 1123 238 1159 quos
249 1112 296 1148 ad
315 1113 479 1149 aliorum
496 1113 784 1149 correctionem
799 1113 942 1159 posuit,
958 1113 1053 1148 dare

107 1177 127 1199 «
144 1165 190 1201 de
210 1178 251 1202 se
278 1168 462 1214 exempla
490 1167 695 1214 pravitatis
715 1166 841 1202 cernit
858 1169 871 1190 ‘2
887 1180 921 1201 ».

154 1221 283 1257 Ausus
310 1222 427 1258 etiam
460 1223 676 1268 sacrilegos
711 1223 751 1258 in
778 1223 1048 1259 Romanorum

108 1278 341 1320 Pontificum
361 1281 473 1317 civile
502 1280 787 1327 Principatum,
816 1292 886 1327 per
913 1281 1051 1318 decre-

109 1338 188 1370 tum
235 1336 478 1380 publicorum
517 1336 780 1374 Consiliorum
823 1337 1054 1374 Florentiae

107 1387 182 1424 diei
201 1389 248 1425 27
268 1391 398 1426 martii
428 1391 534 1433 1861,
554 1394 594 1426 et
619 1390 960 1437 Italico-gallicam
981 1390 1052 1426 Pa-

108 1442 278 1479 ctionem
298 1443 372 1480 diei
393 1446 437 1481 15
450 1444 684 1492 septembris
704 1444 809 1487 1864,
824 1443 926 1480 idem
943 1444 1054 1480 Sum-

109 1506 195 1532 mus
222 1496 405 1534 Pontifex
431 1509 565 1533 cassos
593 1498 794 1545 nullosque
820 1497 1053 1539 declaravit,

110 1549 268 1587 Litteris
285 1551 385 1587 datis
404 1551 452 1588 ad
466 1563 603 1588 omnes
613 1551 831 1597 Principes,
843 1552 1053 1598 omniaque

109 1603 309 1640 Gubernia
329 1617 397 1652 per
418 1617 529 1641 suum
554 1617 577 1641 a
603 1606 779 1641 Secretis
804 1605 1054 1642 Cardinalem

109 1655 244 1694 diebus
260 1659 304 1694 15
318 1659 453 1705 aprilis
468 1660 573 1701 1861,
588 1664 628 1694 et
646 1660 689 1696 18
707 1659 932 1695 novembris
950 1658 1055 1695 1864.

157 1711 384 1747 Sollicitudo
417 1713 589 1748 universi
617 1713 762 1750 Christi
787 1712 946 1759 gregis,
981 1723 1056 1759 qua

109 1765 458 1811 semperPontifex
474 1765 952 1809 exarsit,Allocutionibus
969 1776 1055 1801 con-

109 1818 374 1855 cistorialibus
392 1819 464 1855 hoc
489 1824 667 1867 tempore
694 1819 836 1855 habitis
854 1819 1056 1866 splendide

109 1873 307 1919 apparuit.
333 1874 436 1909 Nam
466 1874 503 1909 in
531 1874 773 1911 Consistorio
799 1878 955 1909 secreto
981 1874 1056 1910 diei

109 1926 156 1962 25
181 1927 416 1974 septembris
444 1928 548 1969 1865,
577 1927 848 1969 Allocutione,
877 1938 975 1974 quae
1004 1927 1053 1962 in-

111 1980 224 2027 cipit:
245 1980 496 2029 Multiplices
513 1981 614 2016 inter
629 1981 958 2024 machinationes,
973 1992 1058 2027 per-

110 2044 268 2069 versam
297 2034 403 2070 illam
440 2035 639 2070 hominum
672 2035 924 2072 societatem.
960 2046 1057 2081 quae

108 2085 347 2123 iWassonica
381 2089 500 2135 vulgo
535 2093 805 2135 nuncupatur,
846 2100 914 2124 seu
950 2088 1056 2124 Libe·

111 2150 245 2175 rorum
271 2141 652 2186 Caementariorzcm,
673 2146 905 2189 ceterasque
924 2153 1060 2178 omnes

110 2194 323 2231 societates
342 2196 619 2241 clandestinas,
646 2196 782 2243 quovis
810 2195 966 2231 nomine
993 2207 1058 2243 ap-

112 2247 278 2295 pellatas
300 2278 307 2292 ‚
334 2250 488 2297 iamque
516 2261 539 2286 a
565 2251 643 2286 suis
676 2249 1056 2286 praedecessoribus

112 2305 316 2341 Clemente
351 2305 450 2348 XlI,
482 2305 696 2341 Benedicto
729 2303 854 2347 XIV,
892 2303 962 2338 Pio
988 2304 1057 2338 Vll

112 2364 153 2396 et
171 2360 302 2395 Leone
320 2360 392 2394 XII
407 2358 673 2395 damnationis
700 2357 898 2393 sententia
928 2357 1058 2404 profli-

114 2418 228 2461 gatas
250 2441 258 2456 ‚
285 2414 427 2449 iterum
463 2412 688 2460 reprobavit
721 2416 759 2448 et
784 2410 1061 2446 condemnavit

114 2468 184 2504 sub
211 2467 361 2515 poenis,
388 2477 484 2513 quas
510 2466 619 2502 allati
644 2466 704 2501 sui
723 2464 1062 2501 Praedecessores

114 2522 401 2558 constituerant
419 2523 447 2552 3-
466 2521 743 2557 Commentum
763 2522 893 2554 autem
914 2518 1011 2553 alias
1039 2527 1059 2552 a

115 2587 156 2612 se
184 2575 401 2622 explosum,
431 2587 450 2607 <e
470 2573 719 2620 Apostolicas
754 2571 1063 2609 Constitutiones

116 2633 256 2665 contra
283 2629 460 2664 occultas
487 2632 631 2670 sectas,
650 2636 866 2672 earumque
891 2623 1062 2660 asseclas

116 2686 157 2718 et
183 2683 360 2718 fautores
385 2681 454 2716 sub
483 2691 609 2727 poena
635 2679 900 2715 anathematis
924 2677 1061 2718 editas,

118 2736 264 2772 nullam
292 2736 436 2771 habere
463 2734 542 2769 vim
569 2733 615 2768 iis
643 2734 680 2768 in
701 2731 938 2778 regionibus,
957 2730 1021 2766 ubi
1040 2741 1062 2766 a

116 2790 223 2825 civili
249 2792 442 2835 potestate
471 2790 712 2822 memoratae
740 2790 873 2821 sectae
895 2784 1061 2821 toleran-

119 2847 235 2884 tur»,
269 2842 471 2878 exitialem
504 2850 685 2876 errorem
719 2850 806 2875 esse
842 2838 1062 2874 certissima

163 2959 171 2980 1
194 2957 235 2988 De
254 2953 423 2997 Episcopis
448 2953 518 2985 heic
536 2960 640 2984 sermo
667 2955 729 2990 est,
747 2949 981 2988 sacerdotibus,
1003 2949 1063 2982 lai-

119 3005 229 3044 cisque
255 3001 346 3039 viris,
364 3008 400 3032 ac
419 2999 470 3031 vel
492 2999 569 3040 ipsis
604 2997 786 3030 imbellibus
806 2995 1008 3033 mulieribus,
1029 3001 1061 3029 et

121 3049 241 3082 teneris
257 3044 528 3082 adolescentulis,
559 3042 613 3085 qui
642 3043 672 3074 in
700 3040 841 3074 Tunkini
868 3045 899 3074 et
925 3040 1062 3073 (10011111-

119 3094 232 3127 chinae
259 3091 458 3132 regionibus,
481 3090 667 3121 exultantes
694 3097 749 3128 pro
768 3087 895 3119 Christo
927 3087 1063 3119 durissi—

119 3149 186 3171 mos
220 3146 349 3180 quoque
368 3136 589 3177 despexerunt
607 3134 784 3172 cruciatus,
814 3137 845 3166 et
870 3133 963 3164 vitam
992 3142 1064 3174 pro-

119 3185 284 3217 fuderunt.

161 3230 175 3251 ²
193 3230 226 3263 S.
246 3230 340 3268 Greg.
361 3228 401 3258 M.
422 3225 521 3258 Hom.
546 3226 583 3256 17
606 3225 642 3257 in
659 3223 723 3256 Ευ.

162 3270 176 3292 ³
201 3274 332 3315 Legesis
357 3282 388 3313 p.
417 3271 494 3303 34¹.

230 3330 496 3380 WOVTERS‚
530 3330 582 3370 11.

1913 172 1991 212 377

1103 254 1255 291 ratione
1289 253 1471 290 ostendit.
1510 252 1586 291 Sed
1624 253 1792 290 afflictas
1829 250 1973 287 iamdiu
2007 252 2045 287 in

1104 309 1218 345 ltalia
1245 307 1517 344 sanctissimae
1546 311 1706 343 nostrae
1735 305 1935 353 religionis
1962 316 2047 350 res,

1102 373 1147 398 ac
1175 361 1364 398 maiorem
1392 361 1430 396 in
1456 361 1540 397 dies
1566 361 1755 408 impetum
1774 388 1782 403 ,
1814 371 1887 407 quo
1921 358 2047 394 subal-

1104 417 1235 463 pinum
1262 414 1505 451 Gubernium
1525 415 1722 450 salutares
1741 412 1957 449 catholicae
1977 412 2050 448 Ec-

1103 468 1248 505 clesiae
1276 468 1406 514 leges,
1433 478 1645 514 sacrosque
1677 466 1878 502 ministros
1910 465 2049 501 indesi-

1105 526 1245 558 nenter
1272 531 1487 567 aggressus
1512 525 1594 563 est,
1620 520 1714 556 Pius
1741 519 1794 555 IX
1829 518 2050 566 deploravit

1103 574 1350 610 Allocutione
1367 602 1375 616 ,
1412 574 1505 609 Non
1532 573 1666 615 semel,
1693 573 1825 608 habita
1853 573 1890 607 in
1917 571 2049 610 Consi-

1104 628 1227 664 storio
1252 632 1409 664 secreto
1437 627 1496 663 die
1524 627 1569 663 29
1595 627 1764 662 octobris
1792 625 1894 663 1866.
1916 625 2050 663 Cardi-

1104 681 1273 724 nalibus,
1299 692 1394 727 quos
1421 680 1706 727 alloquebatur,
1726 679 1764 714 in
1793 683 1963 715 mentem
1992 690 2049 714 re-

1103 734 1215 770 duxit
1252 735 1468 770 Sacrorum
1506 733 1732 777 Antistites,
1772 732 2050 779 integerrimos

1104 788 1307 834 utriusque
1327 788 1433 825 Cleri
1447 788 1570 828 viros,
1590 791 1628 823 et
1644 786 1742 822 alios
1757 785 2050 822 honestissimos

1105 841 1320 877 catholicos
1347 841 1453 877 cives
1479 842 1540 877 vel
1568 842 1607 876 in
1634 840 1793 877 exilium
1813 839 2055 882 eiectos‚vel

1108 895 1144 930 in
1173 905 1382 931 carcerem
1409 894 1608 937 detrusos,
1637 894 1698 930 vel
1724 893 1773 929 ad
1791 896 1970 929 coactum
1988 892 2052 928 do-

1106 948 1292 984 micilium
1311 949 1533 990 damnatos;
1548 949 1760 984 Dioeceses
1776 958 1864 982 cum
1880 946 2052 982 maximo

1106 1001 1328 1038 animarum
1358 1003 1501 1038 damno
1528 1002 1608 1037 suis
1634 1001 1794 1036 orbatas
1820 1000 2053 1047 pastoribus,

1104 1056 1282 1102 virgines
1308 1057 1390 1092 Deo
1418 1067 1554 1092 sacras
1572 1066 1596 1091 a
1616 1054 1784 1101 propriis
1804 1054 2054 1090 monasteriis

1105 1109 1288 1155 expulsas
1306 1114 1345 1146 et
1363 1110 1411 1145 ad
1438 1109 1733 1145 mendicitatem
1759 1107 1955 1151 redactas3
1982 1107 2054 1143 Dei

1106 1164 1255 1210 templa
1280 1166 1430 1202 violata
1443 1195 1451 1210 ,
1470 1164 1708 1212 episcopalia
1725 1162 1968 1200 Clericorum
1987 1163 2056 1199 Se-

1106 1219 1277 1255 minaria
1304 1221 1451 1263 clausa,
1480 1220 1649 1255 miserae
1668 1217 1878 1253 iuventutis
1903 1217 2057 1252 institu-

1107 1277 1253 1314 tionem
1281 1277 1520 1312 christianae
1548 1274 1776 1322 diseiplinae
1794 1276 1996 1321 ereptam,
2017 1275 2056 1307 et

1106 1333 1256 1369 erroris
1282 1336 1398 1379 atque
1424 1330 1638 1378 iniqnitatis
1656 1329 1856 1376 magistris
1874 1327 2054 1364 commis-

1107 1397 1208 1428 sam,
1234 1390 1274 1423 et
1301 1384 1502 1422 Ecclesiae
1522 1384 1801 1431 patrimonium
1820 1384 2053 1429 usurpatum

1107 1444 1224 1486 atque
1243 1438 1608 1475 distractum-quta
1621 1440 1753 1473 autem
1775 1435 2052 1482 gravissimum

1108 1494 1321 1541 Apostolici
1339 1493 1397 1529 sui
1414 1492 1620 1528 ministerii
1639 1491 1822 1532 officium,
1844 1489 2053 1526 vehemen-

1108 1548 1259 1584 tissime
1285 1550 1444 1594 questus
1472 1549 1530 1582 est
1552 1549 1592 1582 et
1610 1543 1840 1591 reprobavit
1858 1544 1988 1590 legem
2006 1543 2055 1579 ab

1107 1601 1245 1637 eodem
1273 1601 1472 1637 Gubernio
1499 1600 1620 1636 latam
1646 1599 1694 1634 de
1714 1597 1832 1640 civili,
1851 1598 1904 1633 uti
1925 1597 2055 1644 appel-

1106 1656 1202 1698 lant,
1218 1654 1483 1698 matrimonio,
1500 1658 1539 1690 et
1557 1653 1699 1699 legem,
1713 1663 1787 1699 qua
1814 1651 1850 1686 in
1878 1650 2056 1686 omnibus

1108 1708 1332 1754 regionibus
1350 1708 1388 1743 in
1407 1718 1477 1743 sua
1495 1709 1691 1753 potestate
1713 1703 1899 1747 redactis,
1920 1715 2057 1740 omnes

1107 1763 1307 1809 utriusque
1323 1773 1436 1798 sexus
1451 1759 1671 1807 Religiosas
1688 1758 1857 1794 familias
1874 1769 2055 1804 suppres-

1107 1816 1168 1857 sit,
1182 1827 1395 1862 earumque
1414 1815 1559 1857 omnia,
1572 1817 1612 1850 et
1630 1813 1709 1849 alia
1722 1812 1845 1848 multa
1854 1811 2057 1848 Ecclesiae

1109 1870 1205 1904 bona
1216 1869 1286 1905 sibi
1298 1867 1515 1915 usurpavit,
1528 1878 1574 1902 30
1583 1865 1829 1902 divendenda
1841 1864 2054 1901 constituit.

1109 1921 1269 1958 iteravit
1295 1933 1445 1968 quoque
1471 1921 1657 1957 Summus
1671 1918 1852 1955 Pontifex
1866 1918 2057 1954 reclama-

1109 1976 1256 2012 tionem
1272 1979 1411 2011 contra
1425 1974 1581 2021 eos‚qui
1600 1984 1675 2008 non
1695 1972 1925 2009 desinebant
1943 1983 2057 2019 expo-

1109 2041 1235 2073 scere,
1255 2034 1296 2064 ut
1321 2030 1406 2075 Ipse
1426 2040 1497 2074 per
1515 2027 1809 2075 apertissimam
1828 2025 2057 2062 iniustitiam

1111 2083 1286 2130 pluribus
1305 2082 1536 2119 Pontificiae
1565 2081 1721 2117 ditionis
1744 2079 1954 2127 provinciis
1978 2079 2057 2115 iam

1109 2136 1330 2183 expoliatus
1350 2165 1358 2179 ,
1387 2135 1544 2171 civilem
1579 2135 1698 2170 Suum
1734 2138 1775 2171 et
1806 2133 2057 2181 Apostolicae

1114 2190 1224 2227 Sedis
1253 2190 1515 2238 principatum
1542 2188 1729 2225 eiuraret.
1767 2201 1787 2222 (1
1804 2187 1887 2223 Nos
1912 2187 2058 2233 itaque,

1113 2243 1273 2286 addidit,
1303 2243 1459 2279 civilem
1497 2241 1767 2289 principatum
1799 2240 1930 2276 divino
1964 2240 2059 2275 Pro-

1112 2297 1310 2334 videntiae
1335 2296 1498 2333 consilio
1514 2296 1552 2331 in
1571 2297 1714 2332 bonum
1731 2293 1962 2331 universalis
1987 2294 2058 2329 Ec-

1113 2352 1257 2389 clesiae
1285 2351 1536 2387 constitutum
1565 2361 1640 2385 non
1667 2350 1794 2384 solum
1820 2348 2058 2384 renunciare

1114 2406 1215 2443 haud
1242 2415 1615 2453 possumus,verum
1638 2403 1757 2439 etiam
1784 2402 1918 2437 omnia
1939 2401 2058 2448 ipsius

1114 2460 1239 2497 civilis
1272 2459 1526 2507 Principatus
1559 2459 1645 2494 iura
1678 2457 1864 2492 debemus
1897 2458 2058 2491 strenue

1114 2514 1214 2552 tueri
1241 2525 1288 2550 ac
1312 2512 1539 2554 defendere,
1558 2516 1599 2547 et
1616 2510 1853 2556 sacrilegam
1884 2509 1923 2545 S.
1945 2508 2057 2545 Sedis

1115 2568 1408 2616 provinciarum
1453 2565 1750 2612 usurpationem
1798 2563 2056 2599 vehementer

1113 2622 1367 2669 expostulare
1382 2649 1390 2665 ,
1423 2619 1542 2655 veluti
1568 2629 1685 2665 saepe
1707 2616 2054 2664 expostulavimus,

1114 2680 1154 2713 et
1171 2677 1246 2712 hac
1264 2686 1418 2723 quoque
1437 2672 1643 2709 occasione
1662 2672 1781 2708 etiam
1801 2674 1917 2718 atque
1935 2669 2054 2706 etiam

1115 2730 1411 2777 expostulamus
1444 2731 1483 2763 et
1509 2726 1773 2762 reclamamus
1791 2739 1825 2759 ».
1857 2725 1910 2761 At
1936 2723 2055 2759 mitis-

1114 2785 1200 2821 simi
1209 2782 1410 2819 Pontificis
1423 2779 1765 2817 reclamationibus
1776 2778 1958 2820 materia,
1970 2781 2056 2824 post

1115 2838 1228 2880 baec,
1256 2847 1332 2871 non
1359 2833 1493 2870 defuit.
1510 2833 1611 2868 Nam
1639 2832 1882 2879 subalpinum
1909 2831 2058 2867 Guber-

1116 2891 1221 2926 nium
1261 2886 1432 2935 quotidie
1470 2887 1597 2932 magis
1633 2896 1780 2921 vexans
1813 2885 2055 2926 Ecclesiam,

1117 2953 1283 2990 eamque
1302 2940 1526 2988 opprimere
1543 2937 1905 2981 contendens‚haud
1920 2936 2058 2973 exhor-

1124 2997 1200 3033 ruit
1228 2997 1357 3042 legem
1384 3004 1620 3041 proponere,
1639 2992 1875 3039 approbare,
1902 2990 2060 3027 sancire

1121 3054 1161 3087 et
1188 3049 1463 3096 promulgare,
1490 3057 1590 3093 quae
1618 3046 1656 3082 in
1689 3046 1769 3082 suis
1794 3050 1833 3081 et
1863 3043 2060 3090 usurpatis

1119 3101 1344 3149 regionibus
1364 3100 1598 3142 temerariO,
1620 3110 1666 3135 ac
1685 3098 1880 3144 sacrilego
1899 3108 2061 3144 prorsus

1117 3167 1214 3192 ausu
1233 3153 1452 3190 Ecclesiam
1471 3152 1637 3200 propriis
1651 3151 1830 3187 omnibus
1845 3151 1954 3186 bonis
1972 3161 2060 3197 spo-

1117 3209 1240 3252 liavit,
1266 3207 1414 3254 sibique
1450 3206 1683 3249 vindicavit,
1717 3208 1755 3241 et
1787 3204 1924 3241 eadem
1958 3204 2061 3239 bona

1116 3261 1323 3300 vendenda
1349 3260 1560 3297 constituit.
1585 3259 1830 3297 Allocutione
1858 3257 1990 3294 habita
2020 3257 2058 3292 in

1796 3324 1846 3361 33
