2241 3473
219 130 295 167 172

164 214 213 240 ex
243 202 365 240 animi
391 201 640 251 aegritudine
662 200 757 237 obiit
777 199 936 237 kalend.
958 200 1116 247 august.

164 267 225 292 an.
248 255 337 293 640.

217 308 261 344 111
291 308 371 345 eius
400 308 528 344 locum
558 306 707 342 electus
736 306 883 352 etpost
903 315 1060 341 menses
1082 303 1119 350 5,

162 361 285 410 pridie
321 361 421 397 diem
455 358 639 396 Natalem
673 357 838 403 Christi,
867 360 1120 394 consecratus

163 416 221 451 est
250 414 414 450 Ioannes
443 411 510 456 IV,
540 411 737 456 Dalmata,
767 410 830 458 qui
852 410 953 447 sedit
973 422 1075 447 anno
1099 410 1117 446 l

161 469 202 503 et
230 466 428 503 mensibus
458 463 539 500 fere
571 464 629 500 10.
663 463 699 500 Is
728 463 900 500 nondum
932 462 1120 500 Pontifex

162 522 430 562 consecratus,
461 517 509 554 ad
545 516 773 564 epistolam,
802 528 922 564 quam
951 515 1121 564 episcopi

161 575 201 608 et
230 570 449 619 presbyteri
478 569 582 605 Scoti
611 570 660 606 ad
689 569 923 606 Severinum
950 569 1118 617 scripse-

162 629 274 669 rant,
303 622 561 671 respondens,
592 623 783 671 quosdam
803 623 842 659 in
863 622 995 659 Scotia
1023 634 1119 659 con-

160 679 224 713 tra
239 676 459 723 legitimum
475 675 593 713 ritum
612 675 765 713 Pascha
786 675 1044 720 celebrantes,
1065 687 1121 712 re-
1141 698 1143 713 l

161 729 338 777 darguit,
367 731 406 765 et
434 728 742 766 reviviscentem
762 729 842 765 illic
862 729 1118 776 Pelagianam

160 782 353 819 haeresim
367 781 579 830 diligenter
592 782 807 819 cavendam
826 793 911 819 esse
927 782 1083 819 monuit
1093 781 1118 819 ¹.

214 835 323 872 Idem
355 834 540 872 Pontifex
558 863 567 881 ,
597 835 716 872 aliam
738 835 894 883 scripsit
914 834 1119 883 epistolam

162 889 209 926 ad
226 889 335 925 Isaac
351 888 575 936 episcopum
591 888 900 937 Syracusanum,
917 900 995 936 qua
1009 887 1116 924 litem

161 942 323 979 clericos
342 941 445 978 inter
464 944 504 978 et
525 942 734 979 monachos
761 953 1015 989 componens,
1047 941 1118 978 de-

161 995 309 1040 crevit,
343 999 385 1031 ut
415 994 601 1031 ecclesiae
635 994 838 1032 monachis
869 995 916 1031 ab
938 995 1118 1042 episcopo

160 1048 344 1093 traditae,
365 1060 388 1085 a
409 1048 608 1085 monachis
629 1060 694 1085 seu
717 1047 985 1085 sacerdotibus
1007 1048 1054 1084 ab
1073 1048 1119 1085 iis

159 1101 382 1138 constitutis
402 1104 640 1149 regerentur
661 1100 686 1138 ².
710 1101 932 1138 Decessoris
955 1101 1015 1138 sui
1047 1112 1118 1137 ve-

159 1154 284 1203 stigiis
301 1154 497 1200 insistens,
510 1155 661 1192 Romae
679 1155 874 1202 synodum
888 1153 1118 1199 celebravit,

161 1207 197 1244 in
220 1220 296 1256 qua
317 1207 671 1245 Monothelitarum
692 1219 890 1253 errorem,
911 1208 1024 1255 eique
1055 1206 1118 1244 fa-

159 1264 320 1298 ventem
342 1260 519 1298 Heraclii
542 1261 741 1298 Ectlzesin
763 1260 991 1309 proscripsit
1010 1260 1036 1297 3.

213 1313 397 1351 Heraclio
414 1326 475 1351 an.
487 1314 562 1351 641
577 1326 627 1351 ex
640 1314 827 1363 hydropis
844 1314 977 1350 morbo
993 1313 1118 1350 extin-

159 1369 222 1404 cto
236 1397 245 1413 ,
264 1368 453 1405 successit
483 1367 762 1405 Constantinus
790 1367 916 1412 filius,
938 1368 1119 1415 princeps
1140 1373 1142 1404 1

160 1420 247 1468 pius
266 1423 305 1457 et
325 1420 553 1458 catholicus.
581 1420 641 1457 Ad
672 1420 801 1468 ipsum
831 1421 982 1458 litteras
1013 1420 1142 1457 dedit=

160 1473 324 1510 Ioannes
345 1474 430 1522 Pp.,
451 1473 489 1510 in
512 1473 655 1521 quibus
676 1485 823 1510 novum
842 1473 1118 1523 imperatorem

160 1526 339 1564 hortatus
369 1529 445 1571 est,
473 1528 515 1564 ut
545 1526 669 1575 patris
698 1527 898 1564 Ecthesm
930 1526 1118 1564 aboleret.

161 1579 204 1616 Iu
227 1579 367 1617 iisdem
387 1579 534 1616 litteris
556 1580 775 1617 doctrinam
800 1579 963 1616 Honorii
986 1580 1056 1628 Pp.
1080 1580 1119 1626 I,

158 1632 266 1670 cuius
283 1633 459 1682 epistolis
471 1632 755 1670 Monothelitae
767 1633 814 1669 ad
829 1632 1119 1670 defendendam

158 1686 351 1724 haeresim
368 1698 478 1723 suam
499 1687 781 1733 abutebantur,
803 1687 851 1724 ab
872 1686 1019 1724 erroris
1047 1697 1116 1724 su-

160 1739 331 1788 spicione
350 1739 537 1788 purgavit
557 1738 584 1777 ⁴¹.

212 1793 363 1830 Verum
380 1794 607 1842 priusquam
625 1793 698 1830 hae
714 1792 870 1830 litterae
891 1792 1120 1830 Constanti-

160 1846 331 1895 nopolim
351 1850 480 1884 essent
496 1845 688 1895 perlatae,
704 1845 902 1883 extinctus
923 1848 1010 1883 erat
1026 1847 1121 1884 Con-

160 1899 356 1937 stantinus
373 1911 539 1944 veneno,
556 1900 657 1947 quod
674 1899 744 1948 ipsi
764 1899 995 1948 propinarat
1010 1900 1116 1937 Mar-

160 1952 244 1990 tina
264 1964 449 1998 noverca,
472 1955 513 1990 ut
532 1952 799 1990 Heracleonas
819 1952 924 1990 filius
944 1964 1039 1990 suus
1056 1965 1120 1990 re-

160 2009 313 2054 gnaret.
337 2005 603 2044 Heracleonas
625 2009 711 2054 post
727 2018 880 2044 menses
895 2006 920 2043 6
936 2009 1119 2043 senatus-

159 2058 340 2096 consulto
363 2059 553 2105 deiectus,
574 2071 660 2096 cum
678 2059 852 2096 Martina
869 2062 996 2096 matre
1012 2060 1119 2096 rele-

162 2115 279 2161 gatus
301 2115 371 2150 est.
389 2113 500 2149 Tunc
517 2113 725 2161 imperium
743 2113 916 2150 delatum
936 2112 1010 2149 fuit
1026 2113 1120 2150 Con-

159 2165 294 2211 stanti,
313 2166 557 2203 Constantini
577 2165 666 2211 silio,
684 2165 749 2214 qui
767 2165 1119 2203 Mouotliclitarum

159 2229 334 2256 errorem
351 2221 525 2256 sectatus
542 2223 614 2264 est,
630 2220 844 2267 turbasque
861 2230 1003 2268 graves
1019 2218 1120 2256 cxci-

159 2271 274 2318 tavit,
296 2276 338 2309 ut
358 2271 463 2309 infra
484 2272 671 2309 dicemus.

215 2325 275 2362 11.
299 2325 445 2362 Status
465 2337 608 2362 rerum
625 2326 668 2361 in
686 2325 815 2362 Italia
828 2325 996 2362 —Tunc
1016 2327 1119 2362 tem·
1140 2342 1141 2347 ¹

159 2378 262 2427 poris
284 2379 631 2427 Longobardorum
654 2378 690 2414 in
714 2378 828 2415 Italia
849 2389 970 2426 regno
989 2378 1116 2426 potie—

160 2432 277 2468 batur
297 2432 499 2477 Rotliaris,
517 2432 581 2479 qui
601 2432 649 2468 ab
668 2443 729 2468 au.
747 2431 824 2469 638
843 2442 966 2479 usque
983 2431 1029 2468 ad
1041 2431 1119 2469 652

162 2484 358 2533 regnavit.
380 2485 418 2522 Is
439 2485 622 2522 arianum
645 2485 788 2533 dogma
810 2487 969 2522 secutus
991 2487 1050 2521 est
1079 2486 1119 2521 ot

160 2538 361 2587 episcopos
391 2539 550 2576 arianos
579 2538 722 2575 iterum
753 2537 953 2583 restituit,
983 2538 1116 2585 sicque

161 2591 339 2640 integrae
361 2592 710 2641 Longobardorum
733 2591 781 2628 ad
802 2590 1036 2628 catholicam
1066 2591 1116 2627 fi-

202 2695 210 2716 ¹
231 2698 318 2734 Nota,
333 2697 431 2728 electo
450 2697 589 2727 l'ontitici
607 2696 680 2727 nihil
699 2696 773 2726 iuris
787 2695 883 2726 fuisse
897 2696 935 2726 au
950 2706 999 2726 res
1014 2694 1115 2726 Eccle-

160 2737 226 2767 siae
250 2738 419 2775 gnei-endas,
445 2738 543 2768 donec
567 2738 777 2774 ordinaretur,
803 2737 860 2767 nisi
885 2746 962 2767 unus
980 2742 1061 2767 essct
1079 2747 1112 2767 cx

160 2779 209 2817 iis,
227 2779 337 2818 quibus
362 2784 495 2809 vacante
513 2780 594 2811 Sede
612 2780 657 2809 vrl
677 2779 806 2809 absente
826 2779 970 2809 l'onlilice
988 2788 1062 2808 cura
1080 2780 1112 2809 11.

159 2820 319 2857 Ecclesiae
332 2821 477 2850 committi
494 2821 622 2851 solrbat.
635 2822 667 2851 lli
689 2823 777 2851 erant
791 2819 1115 2859 :u‘cliiprrshyter,zu·-

160 2861 363 2891 chicliaconus
383 2866 411 2891 ct
429 2863 624 2901 primicerius
642 2863 854 2898 Notarioruni3
874 2862 953 2891 inu-1·
975 2870 1054 2900 quos
1079 2870 1113 2891 0-
1134 2889 1135 2895 ,

160 2903 258 2932 lectus
275 2902 375 2932 locuni
393 2913 481 2933 suuni
499 2905 656 2941 servabat,
683 2904 783 2934 ‹loncc
800 2907 884 2933 esset
900 2907 1112 2933 consecratus.
1134 2897 1135 2908 ¹

160 2944 244 2974 Unde
262 2945 354 2974 eliani
373 2945 503 2974 loannes
523 2946 551 2975 in
570 2946 731 2984 praedicta
745 2944 878 2984 epistola
891 2944 1028 2975 secundo
1045 2944 1112 2974 loco

158 2985 345 3023 subscripsit
369 2985 449 3015 111101·
472 2987 775 3026 arrhiprrsbytcrum
798 2989 826 3016 ct
845 2985 1062 3024 primicerium.
1081 2986 1118 3015 1“,Ι“

160 3027 233 3064 Pagi
253 3026 381 3061 Crilica,
399 3026 436 3055 :ul
455 3036 502 3056 au.
529 3027 597 3063 ,Ἄκη
616 3030 760 3065 (ὶιιι-111·1·.,
775 3027 825 3058 Ad
841 3027 893 3058 lili.
923 3026 1028 3057 (1111)·11.
1050 3025 1111 3058 lm.

159 3067 275 3106 Pontis.
295 3068 338 3098 tu.
361 3068 382 3101 l:
401 3068 554 3098 mabillon.
575 3070 606 3098 in
627 3068 699 3099 (lrrl.
719 3069 858 3101 Roman.
876 3079 902 3100 c.
924 3068 966 3099 17.

200 3108 215 3128 ²
232 3108 342 3145 Lalilw,
362 3109 488 3139 Camil.
507 3114 524 3139 t.
543 3111 574 3144 V,
592 3119 620 3148 p.
642 3110 726 3141 1772.

200 3150 387 3180 3113101101
406 3151 489 3189 rugi,
506 3151 544 3180 au
563 3161 610 3181 an.
629 3151 697 3182 ⁴510.

200 3191 213 3214 4
230 3191 342 3229 labbe,
359 3192 435 3222 ibid.
456 3201 483 3230 μ,
508 3191 592 3222 1730.

675 137 834 165 EPOCHA
863 138 901 163 V.
931 137 959 163 A
987 135 1360 164 PSEVDOPROPHETA
1389 137 1591 164 MAHOMET

1163 199 1251 236 dem
1265 200 1637 248 conversioni,quae
1653 203 1826 240 exeunte
1843 203 2001 241 saeculo
2010 215 2127 252 prae-

1164 253 1319 290 cedenti
1334 254 1405 290 sub
1415 253 1602 290 Theodeli
1610 254 1686 291 nda
1697 254 1865 293 feliciter
1875 259 2014 304 coepta
2026 259 2127 304 erat,

1164 305 1327 343 obstitit.
1349 306 1447 343 Post
1466 306 1618 343 obitum
1638 308 1827 345 Rotharis
1848 320 1942 346 vero
1963 310 2124 358 Longo-

1162 358 1275 395 bardi
1294 359 1439 407 passim
1458 359 1506 396 ad
1523 359 1718 398 catholica
1733 372 1848 398 sacra
1864 362 2124 409 transierunt,

1162 413 1202 448 et
1221 412 1469 449 Arianismus
1484 411 1520 448 in
1544 412 1661 450 Italia
1682 413 1850 462 deperiit
1870 413 1896 452 ¹.

1215 464 1268 501 In
1293 465 1553 502 Gallia—In
1575 465 1704 503 Gallia
1724 468 1855 503 autem
1878 466 2124 505 ecclesiasti-

1163 529 1228 554 cas
1253 529 1298 554 ac
1325 518 1461 555 civiles
1488 529 1550 555 res
1580 518 1821 556 instauratas
1850 519 2025 557 vidimus
2053 521 2125 558 sub

1163 570 1336 608 Clotario
1357 582 1450 619 rege
1472 571 1507 607 ΙΙ
1529 570 1556 608 ².
1579 571 1680 608 Eum
1703 583 1763 609 an.
1785 572 1863 609 628
1893 571 2124 610 defunctum

1163 624 1320 672 excepit
1340 624 1590 673 Dagobertus
1611 624 1714 662 filius
1728 654 1738 671 ,
1759 625 1838 661 iam
1859 636 1931 662 rex
1951 626 2124 663 Austra-

1162 675 1256 721 siae,
1277 677 1538 725 regnavitque
1562 689 1683 726 usque
1705 678 1753 714 ad
1789 689 1851 715 an.
1887 677 1978 716 638.
2009 679 2125 716 Hunc

1162 740 1304 777 magno
1326 730 1564 778 reipublicae
1592 731 1693 768 bono
1727 729 1899 768 consiliis
1931 730 2126 769 iuvarunt

1162 794 1191 819 s,
1213 783 1450 820 Cunibertus
1485 783 1726 821 Coloniensis
1760 786 1801 820 et
1830 795 1859 821 3.
1893 783 2124 833 Arnulphus

1162 835 1349 873 Metensis
1359 836 1527 884 episcopi
1538 839 1655 885 atque
1667 836 1780 885 Pipin
1788 848 1833 874 us
1844 836 2122 875 maiordomus.

1163 888 1398 937 Aliquandiu
1421 890 1667 938 Dagobertus
1688 889 1881 927 iustistiae
1907 893 1948 926 et
1970 892 2123 939 tempe-

1161 941 1313 978 rantiae
1337 942 1462 991 leges,
1492 943 1539 980 ad
1571 954 1668 991 quas
1696 942 1935 980 informatus
1965 942 2124 989 fuerat,

1161 994 1332 1042 turpiter
1350 995 1538 1044 neglexit.
1568 995 1853 1033 Verumtamen
1891 995 2125 1044 resipuisse,

1160 1047 1312 1096 piisque
1333 1049 1515 1097 operibus
1536 1049 1692 1097 culpam
1714 1048 1875 1086 diluisse
1899 1049 2068 1086 videtur.

1215 1101 1317 1138 Eoru
1326 1113 1359 1138 m
1373 1101 1606 1150 principum,
1618 1101 1685 1150 qui
1696 1101 2012 1152 post-Dagoberti
2026 1113 2127 1139 mor-

1164 1157 1239 1190 tem
1258 1152 1371 1204 (638)
1389 1155 1567 1202 proxime
1583 1157 1816 1203 regnarunt,
1832 1155 1957 1203 pietas
1973 1156 2014 1192 et
2031 1167 2122 1192 mu-

1162 1206 1360 1244 nificentia
1382 1208 1418 1244 in
1441 1209 1672 1245 extruendis
1691 1207 1942 1245 monasteriis
1956 1207 2123 1256 aliisque

1162 1260 1343 1309 operibus
1360 1262 1698 1298 commendantur.
1713 1261 1764 1298 At
1775 1262 1862 1310 post
1873 1264 2039 1299 mortem
2051 1261 2125 1299 Da-

1140 1325 1142 1332 ·
1161 1314 1314 1361 goberti
1336 1315 1550 1352 auctoritas
1571 1314 1680 1363 regia
1701 1314 1931 1360 declinavit,
1951 1317 1992 1352 et
2007 1314 2126 1352 maio-

1162 1367 1378 1413 resdomus,
1399 1368 1470 1405 sub
1490 1367 1619 1416 specie
1641 1367 1998 1405 administrationis
2020 1367 2124 1416 pala-

1161 1420 1220 1466 tii,
1241 1420 1370 1469 ipsum
1390 1432 1557 1469 regnum
1578 1421 1856 1458 administrare
1881 1423 2121 1469 coeperunt,

1164 1474 1267 1510 unde
1297 1474 1403 1511 haud
1434 1474 1538 1512 levia
1567 1474 1805 1512 detrimenta
1833 1474 1934 1512 bono
1963 1474 2123 1523 publico

1161 1526 1420 1564 advenerunt.

1216 1582 1329 1617 Anno
1349 1580 1427 1618 650
1448 1580 1619 1629 episcopi
1639 1580 1691 1618 38
1711 1583 1750 1617 et
1771 1579 1937 1617 aliorum
1956 1579 2077 1629 legati
2098 1579 2124 1617 6

1162 1635 1433 1670 convenerunt
1453 1633 1704 1680 Cabilonem,
1734 1636 1774 1670 et
1802 1633 1850 1671 ad
1892 1633 2125 1682 corrigenda

1162 1697 1208 1723 ea
1223 1697 1337 1734 quae,
1353 1688 1423 1723 aut
1438 1686 1681 1735 negligentia
1693 1689 1764 1724 aut
1781 1686 2019 1734 ignorantia,
2036 1697 2124 1723 con-

1161 1740 1226 1776 tra
1246 1739 1516 1778 ecclesiastica
1544 1742 1695 1778 statuta
1719 1739 1976 1789 irrepserant,
1996 1739 2128 1776 edide-

1164 1794 1258 1830 runt
1276 1793 1328 1830 20
1348 1804 1519 1831 canones
1539 1791 1566 1831 ³.
1584 1793 1826 1831 Floruerunt
1841 1794 1915 1830 hac
1931 1794 2063 1830 aetate
2081 1792 2121 1829 in

1163 1845 1291 1883 Gallia
1311 1846 1480 1895 episcopi
1501 1846 1646 1895 plures,
1666 1847 1773 1883 vltae
1795 1847 2010 1884 sanctitate
2026 1857 2122 1882 con-

1163 1898 1301 1947 spicui,
1319 1899 1424 1937 inter
1439 1911 1536 1948 quos
1553 1899 1884 1936 commemorandi
1900 1901 1994 1937 sunt
2010 1898 2124 1936 Cuni-

1163 1953 1298 1990 bertus
1315 1953 1567 1998 Coloniensis,
1584 1952 1812 2001 Arnulphus
1826 1952 2124 1998 Metensis,Sul-

1163 2005 1286 2054 picius
1308 2005 1577 2051 Bituricensis,
1599 2005 1829 2043 Modoaldus
1849 2004 2123 2051 Trevirensis,

1164 2059 1340 2096 Donatus
1360 2058 1647 2104 vesontiensis,
1668 2058 1911 2096 Landericus
1928 2057 2124 2096 Parisien-

1163 2112 1236 2157 sis,
1271 2113 1331 2149 cui
1369 2111 1587 2149 Marculfus
1623 2112 1838 2150 monachus
1873 2112 1969 2149 duos
2003 2111 2124 2149 libros

1164 2165 1470 2202 Formularzcm
1486 2178 1543 2202 an
1552 2167 1768 2214 tirsum-um
1787 2164 2122 2214 nuncupavit,Ni-

1164 2219 1313 2256 vardus
1343 2218 1601 2264 Rhemensis,
1631 2218 1832 2255 Amandus
1862 2217 2124 2255 Traiectensis

1163 2272 1324 2320 eiusque
1354 2283 1557 2310 successor
1590 2271 1804 2309 Remaclus
1821 2301 1830 2318 ‚
1858 2271 2010 2320 Eligius
2035 2270 2123 2309 No-

1165 2337 1389 2362 viomensis.

1215 2378 1504 2416 Celeberrimus
1533 2380 1619 2415 erat
1651 2390 1680 2415 s.
1715 2377 1938 2423 Amandus,
1974 2377 2117 2415 illustri

1160 2430 1244 2468 loco
1266 2432 1303 2468 in
1327 2431 1541 2480 Aquitania
1561 2435 1688 2477 natus,
1707 2431 1770 2479 qui
1790 2431 1914 2479 primo
1933 2430 2118 2468 monasti-

1160 2496 1249 2521 cum
1270 2484 1493 2521 institutum
1529 2484 1747 2533 professus,
1781 2483 1922 2521 deinde
1955 2495 2019 2521 an.
2040 2483 2120 2521 628

1159 2537 1361 2586 episcopus
1395 2537 1478 2574 sine
1512 2541 1622 2575 certa
1655 2537 1744 2575 sede
1778 2539 2033 2575 consecratus
2049 2565 2059 2583 ,
2080 2536 2120 2574 in

1160 2590 1464 2639 praedicandum
1486 2590 1710 2628 infidelibus
1731 2590 1993 2639 Evangelium
2009 2592 2120 2627 totus

1159 2644 1345 2680 incubuit.
1386 2643 1588 2681 [Ethnicis
1626 2643 1900 2681 Gandavensis
1930 2642 2118 2680 territorii

1158 2697 1195 2733 in
1218 2696 1403 2734 Plautum
1425 2697 1558 2734 incolis
1588 2697 1714 2734 multa
1743 2708 1950 2746 perpessus
1970 2698 2051 2742 est;
2074 2698 2116 2733 at

1157 2750 1193 2786 in
1216 2749 1352 2787 labore
1374 2753 1555 2787 constans
1576 2752 1659 2787 tum
1682 2761 1862 2788 sermone
1882 2752 1967 2787 turn
1987 2750 2113 2786 mira-

1157 2803 1252 2840 culis
1273 2803 1473 2851 ingentcm
1487 2804 1616 2852 populi
1631 2815 1838 2841 numerum
1856 2803 1904 2840 ab
1921 2801 2115 2839 idolorum

1156 2856 1263 2893 cultu
1287 2858 1332 2892 ad
1365 2868 1497 2893 veram
1528 2857 1665 2894 Fidem
1695 2856 1900 2901 convertit,
1931 2854 2116 2893 ecclesias

1158 2909 1221 2957 plu
1231 2921 1289 2945 ros
1311 2910 1547 2955 construxit,
1568 2911 1722 2959 duoque
1743 2907 1981 2946 monasteria
2002 2908 2114 2945 Gan-

1156 2963 1245 2999 ‹lavi
1267 2963 1458 3000 extruxit.
1483 2964 1576 3001 Post
1597 2965 1692 3001 haec
1715 2961 1910 3012 profectus
1939 2961 1978 2998 in
2008 2961 2114 2998 Ger-

1197 3068 1309 3118 1101111
1327 3070 1450 3100 vincon.
1479 3078 1533 3099 seu
1558 3067 1769 3106 Warncsried,
1795 3066 1881 3098 msc.
1909 3063 2113 3106 Lonqolmrd.

1157 3110 1174 3140 L
1194 3110 1340 3191 Dtuit-p.
1364 3151 1428 3181 ini..

1196 3193 1209 3212 ²¹
1227 3193 1341 3230 Lalilw,
1358 3196 1377 3223 t.
1395 3194 1440 3232 vl,
1457 3202 1485 3232 p.
1503 3192 1573 3223 387.

2237 202 2241 216 ..
2233 142 2241 193 „⁴⁴2
2227 66 2241 133 4-—3-
2233 1 2241 58 aad
