2241 3473
495 125 634 155 VSQVE
656 127 710 154 AD
730 127 945 155 PVBLICAM
969 124 1114 152 RERVM
1137 125 1180 152 IN
1201 124 1368 155 GALLIIS
1386 125 1711 155 SVBVERSIONEM

143 194 319 231 marchio
351 194 599 239 Caraccioli‚
633 196 701 233 sed
733 196 933 245 Epistolas
964 194 1084 236 istas,

141 259 287 295 magna
305 248 443 284 saltem
463 254 591 295 parte,
618 262 704 287 esse
724 251 928 293 confictas,
947 249 1086 284 vitam-

140 313 213 350 que
242 301 381 338 sabulis
406 308 447 338 et
472 303 679 340 calumniis
700 305 905 348 refertam,
925 312 1088 340 consen-

142 356 244 392 tiunt
269 355 423 392 eruditi.

187 409 247 446 69.
275 409 374 445 Pius
404 410 477 452 ΓΙ,
505 411 698 459 Pontifex
717 418 796 455 (an.
818 413 920 455 1775)
938 433 976 438 —
994 411 1085 446 Post

141 464 356 501 Clementis
374 464 520 500 obitum
542 465 664 501 Sedes
686 466 915 512 Apostolica
930 465 1088 501 vacavit>

140 528 264 564 usque
289 516 338 552 ad
366 529 417 553 xv
444 518 629 554 calendas
655 519 786 554 martii
808 520 909 555 1775.
931 519 1085 554 Etenim

143 570 182 606 in
216 571 289 606 hoc
322 571 499 606 conclavi
531 583 608 607 non
635 573 762 607 minor
788 583 832 608 ac
865 572 901 606 in
929 581 1088 618 praece-

145 623 254 660 denti
282 623 472 660 dissensio
501 624 584 667 fuit;
611 625 704 669 alii,
732 636 756 661 a
781 625 932 661 Galliac
959 629 999 660 et
1023 624 1089 659 Hi-

143 677 307 724 spaniae
334 678 454 713 curiis
479 679 640 714 excitati
662 707 670 720 ,
695 679 905 725 cupiebant
932 677 1089 713 Pontifi-

145 742 247 774 cem,
274 731 337 778 qui
363 730 567 768 decretum
595 732 811 770 Clementis
837 732 930 768 XIV
950 736 1088 767 contra

144 785 384 821 Societatem
406 785 637 821 Iesuitarum
656 786 925 826 confirmaret:
945 785 1008 821 alii
1024 796 1090 820 vo-

145 838 278 874 lebant
305 839 444 881 talem,
470 840 553 885 qui,
581 840 614 876 si
640 839 732 875 illud
759 851 835 876 non
864 843 1088 881 revocaret,

145 892 287 928 saltem
305 892 389 928 eius
407 893 678 928 executionem
699 904 778 928 non
792 898 970 940 urgeret.
988 893 1089 928 Tan-

143 945 233 982 dem
259 945 471 981 cardinalis
497 945 726 981 Pallavicini
744 976 752 990 ‚
780 947 817 982 in
846 959 961 994 quem
989 947 1089 994 prio-

144 1010 231 1035 rum
248 1004 341 1034 vota
359 999 653 1046 conspirabant,
671 1011 838 1036 cernens
858 1001 1085 1047 dolensque,

142 1052 364 1089 Ecclesiam
383 1053 443 1088 sui
457 1063 576 1088 causa
589 1053 733 1089 diutius
749 1059 908 1101 pastore
924 1053 1088 1101 privari,

143 1105 363 1142 declaravit
387 1106 506 1142 fixum
533 1106 604 1142 sibi
631 1118 717 1143 esse
739 1108 1009 1154 pontificatum
1029 1117 1089 1141 re-

144 1170 305 1203 cusare,
333 1161 582 1208 omniumque
609 1161 801 1208 suffragia
827 1161 1024 1197 convertit
1050 1159 1089 1195 in

144 1212 387 1250 cardinalem
403 1214 589 1250 loannem
599 1215 795 1261 Angelum
806 1214 985 1256 Braschi‚
996 1214 1092 1251 Cae-

143 1272 338 1310 senatem,
365 1267 427 1314 qui
450 1267 521 1303 sub
537 1268 693 1303 nomine
713 1268 773 1303 Pii
793 1268 844 1303 VI
865 1268 1086 1303 Ecclesiam

144 1320 248 1357 rexit
271 1320 317 1356 24
343 1320 472 1363 αηηὶε,
498 1321 520 1357 6
545 1321 735 1357 mensibus
761 1326 800 1357 et
827 1322 870 1357 14
894 1321 1042 1356 diebus.

191 1373 283 1411 Pius
309 1374 361 1410 VI
381 1386 496 1410 sacra
514 1376 617 1411 tiara
635 1375 708 1411 fuit
724 1375 976 1422 dignissimus
989 1403 998 1418 ‚
1018 1375 1092 1410 Re-

146 1426 300 1474 ligionis
334 1428 462 1464 studio
501 1428 644 1465 ardens
665 1457 673 1472 ,
709 1428 890 1464 doctrina
921 1439 967 1464 ac
1002 1439 1094 1475 pru-

145 1479 280 1517 dentia
306 1481 458 1526 clarus;
476 1481 662 1518 indefessi
689 1482 834 1517 laboris
855 1481 1020 1529 patiens,
1041 1481 1093 1517 le-

147 1545 239 1582 gum
272 1534 417 1571 vindex
451 1536 671 1579 discretus,
705 1547 776 1582 pro
810 1535 1016 1570 Ecclesiae
1056 1538 1094 1570 et

147 1588 278 1635 populi
305 1589 363 1624 sui
391 1590 491 1624 bono
525 1589 681 1625 assidue
713 1588 907 1635 vigilans,
937 1588 974 1622 in
1003 1598 1095 1635 pau-

147 1651 265 1687 peres
291 1642 540 1684 misericors,
567 1642 748 1677 omnibus
779 1641 971 1683 affabilis,
1004 1652 1095 1676 cun-

148 1698 233 1730 ctas
258 1694 376 1730 officii
404 1695 462 1731 sui
489 1700 625 1742 partes
652 1695 836 1742 explevit.
864 1695 1094 1737 Iubilaeum‚

148 1758 172 1783 a
196 1747 406 1784 decessore
433 1760 502 1784 suo
529 1749 714 1784 indictum
734 1777 742 1792 ,
768 1759 832 1784 an.
870 1749 962 1784 1775
996 1748 1097 1783 cele-

147 1801 290 1837 bravit.
312 1802 462 1839 Eodem
491 1813 593 1838 anno
620 1808 790 1838 exeunte
819 1801 979 1838 Iubilaei
1006 1812 1096 1848 gra-

150 1855 244 1890 tiam
272 1855 322 1890 ad
348 1856 577 1892 universum
605 1857 738 1892 orbem
767 1855 1005 1891 catholicum
1033 1867 1098 1891 ex-

150 1908 292 1953 tendit,
312 1909 493 1957 deditque
520 1911 593 1945 v11⁰
614 1909 798 1946 calendas
817 1909 986 1945 ianuarii
1006 1909 1096 1945 1776

149 1963 451 1999 celeberrimam
486 1963 535 1999 ad
570 1964 817 2011 patriarchas
837 1991 846 2007 ‚
879 1963 1093 2009 primates,

149 2016 470 2064 archiepiscopos
485 2022 523 2053 et
538 2019 745 2064 episcopos
760 2017 965 2065 epistolam
981 2028 1096 2064 ency-

149 2069 289 2106 clicam
311 2099 321 2114 ‚
358 2070 624 2107 Inscrutabile
668 2070 825 2106 clicinae
863 2070 1096 2118 Sapientiae

148 2123 368 2163 consilium,
398 2125 438 2160 in
464 2136 552 2172 qua,
580 2125 691 2172 quasi
718 2123 954 2171 praedicens
982 2124 1096 2159 terri—

150 2176 267 2214 bilem
285 2179 578 2224 catastrophem
597 2178 669 2214 toti
688 2179 871 2225 Europae
891 2177 1095 2213 imminen-

151 2233 248 2275 tem,
275 2242 420 2278 magno
446 2233 660 2268 verborum
688 2231 862 2278 pondere
889 2231 1095 2277 praesules

150 2284 410 2320 ecclesiarum
437 2285 554 2321 officii
580 2285 640 2321 sui
666 2285 883 2328 admonuit,
903 2288 944 2320 et
961 2284 1097 2320 cohor-

151 2340 257 2373 tatus
283 2342 355 2381 est,
382 2342 425 2374 ut
451 2339 664 2385 pervigiles
689 2342 894 2381 caverent,
915 2349 963 2374 ne
993 2349 1093 2373 com-

153 2390 296 2427 missae
330 2391 402 2427 sibi
435 2403 530 2428 oves
560 2393 816 2428 inficerentur
854 2392 1096 2437 irreligionis

152 2442 215 2480 lue
233 2472 243 2487 ,
269 2455 368 2491 quae
393 2456 415 2480 e
442 2445 770 2492 pestilentissimis
798 2445 905 2481 libris
932 2445 1094 2492 pseudo-

152 2496 469 2545 philosophorum
485 2499 522 2533 in
538 2499 757 2545 Religionis
772 2498 987 2546 perniciem
1007 2510 1095 2534 con-

151 2551 408 2598 spirantium,
437 2553 514 2587 iam
541 2556 749 2599 eruperat;
776 2553 863 2588 illos
890 2553 1092 2596 excitavit,

150 2609 195 2640 ut
221 2605 438 2640 coniunctis
462 2605 611 2641 viribus
638 2610 775 2641 contra
803 2617 1011 2653 perversos
1036 2617 1097 2642 er-

152 2669 284 2703 rores,
311 2659 448 2706 quibus
473 2659 683 2696 sacerdotii
709 2664 750 2696 et
777 2660 933 2704 imperii
962 2665 1093 2697 aucto-

153 2712 250 2748 ritas
283 2712 634 2757 convehebantur,
666 2713 786 2748 divini
821 2713 930 2749 verbi
966 2715 1094 2760 gladio

152 2776 320 2812 gregem
338 2777 453 2801 suurn
471 2766 624 2802 munire
642 2777 719 2802 non
739 2766 1051 2804 intermitterent
1068 2771 1092 2803 1.

151 2819 259 2866 Erga
286 2819 449 2855 Iesuitas
474 2824 682 2866 paternum
701 2821 868 2866 gerebat
885 2821 1094 2867 affectum;

149 2872 229 2907 iam
255 2872 423 2908 diximus
441 2883 541 2920 quae
561 2872 609 2908 iis
626 2873 663 2908 in
682 2873 873 2909 Borussia
890 2879 931 2909 et
951 2874 1094 2912 Russia

150 2925 383 2969 indulserit,
410 2926 581 2962 maxima
607 2931 737 2962 tamen
765 2926 976 2973 prudentia
1001 2939 1094 2966 usus

149 2984 225 3023 est,
252 2991 301 3016 ne
327 2980 520 3016 Gallicani
537 2984 577 3015 et
595 2979 800 3026 Hispanici
819 2981 1000 3027 gubernii
1020 2982 1098 3019 ira-

150 3032 312 3069 cundias
337 3034 376 3068 in
394 3033 663 3080 Apostolicam
683 3032 828 3068 Sedem
854 3035 1096 3082 concitaret;

1946 113 2024 154 301

1137 201 1316 242 coeptum
1344 197 1415 233 sub
1440 196 1649 233 decessore
1676 205 1747 230 suo
1781 193 1964 230 iudicium
1991 205 2081 230 con-

1140 252 1199 284 tra
1220 251 1450 295 generalem
1471 248 1681 286 Societatis
1699 247 1963 295 praepositum
1984 247 2081 282 Lau-

1139 303 1306 338 rentium
1323 304 1430 339 Ricci
1447 304 1609 350 eiusque
1625 301 1869 343 assistentes,
1884 300 1922 335 in
1941 310 2035 337 arce
2050 311 2082 336 s.

1139 356 1281 402 Angeli
1297 357 1522 398 custoditos,
1536 355 1664 392 deseri
1683 355 1819 397 noluit,
1832 364 1879 390 ne
1900 354 2084 389 innocen-

1141 409 1216 445 tiae
1244 409 1347 445 viam
1377 409 1656 456 praecluderet
1682 412 1749 444 aut
1782 407 2004 443 calumniae
2032 407 2083 442 lo-

1140 473 1226 498 cum
1254 463 1394 506 daret;
1423 464 1491 499 sed
1520 467 1606 510 post
1631 466 1798 498 mortem
1836 462 1878 496 L.
1907 460 2019 496 Ricci
2044 463 2056 484 1
2075 487 2084 504 ,

1143 516 1312 562 reliquos
1338 517 1592 563 concaptivos
1618 527 1666 552 ex
1686 526 1779 551 arce
1797 514 1956 550 dimisit.
1978 513 2085 550 Schi-

1141 570 1327 605 smaticas
1341 570 1555 606 electiones
1568 569 1674 604 Ioan.
1688 568 1815 604 Iacob.
1827 579 1902 603 van
1918 567 2032 616 Rhyn
2049 567 2088 602 in

1142 622 1482 669 archiepiscopum
1508 622 1829 664 Ultraiectinum,
1850 621 1946 656 Adr.
1966 621 2088 656 Broe-

1143 674 1261 710 kman
1292 676 1330 711 in
1358 676 1582 723 episcopum
1603 675 1923 718 Harlemensem,
1942 678 1979 711 et
1997 673 2088 709 Nic.

1142 728 1350 764 Nelleman
1366 730 1402 764 in
1418 729 1759 771 Daventriensem‚
1775 728 1990 764 damnavit.
2011 728 2091 762 An-

1144 792 1190 816 no
1216 783 1302 818 1779
1330 783 1560 830 proscripsit
1585 783 1723 818 librum
1752 782 1856 818 Ioan.
1887 781 2089 817 Laurentii

1143 835 1348 879 lsenbiehl‚
1365 836 1586 884 presbyteri
1607 840 1646 872 et
1663 836 1700 870 in
1715 835 1985 871 Universitate
2005 834 2091 869 Mo-

1143 890 1308 935 guntina
1334 890 1568 937 professoris
1594 900 1811 936 exegeseos
1828 918 1837 934 ,
1863 889 1927 936 qui
1953 887 2092 924 inscri-

1144 947 1232 989 ptus
1258 943 1358 979 erat}
1377 944 1534 980 Nonum
1559 946 1753 979 tcrztamen
1779 942 1820 977 in
1833 941 2090 990 prophetiam

1142 994 1410 1033 Emmanuelis
1427 1000 1454 1031 2.
1476 996 1746 1034 Contendebat
1762 997 1808 1039 is,
1822 996 1944 1032 verba
1963 996 2088 1032 Isaiae

1144 1049 1246 1093 (Vll,
1275 1051 1340 1093 14)
1369 1062 1445 1086 non
1473 1050 1521 1086 de
1546 1051 1591 1085 B.
1622 1051 1670 1083 V.
1698 1050 1832 1085 Maria
1858 1054 1898 1085 et
1925 1049 2091 1093 Messia,

1144 1102 1212 1137 sed
1237 1103 1284 1139 de
1310 1104 1463 1150 virgine
1491 1104 1583 1145 alia,
1604 1103 1689 1150 regi
1715 1103 1848 1140 Achaz
1875 1106 1983 1146 nota,
2001 1113 2091 1139 esse

1145 1155 1413 1203 intelligenda.
1441 1157 1600 1193 Librum
1627 1157 1744 1193 istum
1763 1184 1771 1200 ,
1809 1157 1887 1191 iam
1913 1167 1937 1191 a
1970 1155 2094 1192 variis

1144 1208 1479 1246 Universitatibus
1517 1210 1768 1246 Germanicis
1805 1214 1846 1246 et
1879 1208 2094 1245 Parisiensi

1144 1267 1335 1306 notatum,
1352 1263 1444 1299 Pius
1473 1264 1524 1299 VI
1544 1263 1747 1299 damnavit
1763 1267 1806 1299 ut
1824 1263 2090 1299 continentem

1145 1314 1347 1352 doctrinas
1361 1321 1401 1352 et
1416 1317 1704 1364 propositiones
1718 1317 1942 1362 respective
1957 1316 2093 1359 falsas,

1146 1371 1396 1414 temerarias,
1422 1370 1687 1413 scandalosas‚
1715 1370 1973 1417 perniciosas,
2000 1369 2091 1405 hae-

1146 1423 1225 1458 resi
1251 1423 1433 1460 faventes
1458 1428 1498 1460 et
1523 1424 1758 1461 haereticas.
1782 1424 1973 1460 Isenbiehl
1999 1423 2093 1459 iudi·

1148 1477 1248 1512 cium
1279 1477 1481 1513 Pontificis
1507 1478 1645 1514 eodem
1671 1489 1772 1513 anno
1799 1482 1839 1514 et
1870 1489 1939 1514 ore
1966 1481 2006 1514 et
2030 1487 2093 1513 ca-

1147 1529 1251 1565 lamo
1279 1531 1525 1578 approbavit.
1545 1532 1620 1566 An.
1643 1531 1733 1568 1786
1752 1531 1845 1567 Pius
1861 1531 1914 1566 Vl
1933 1531 2092 1566 damna-

1147 1583 1204 1618 vit
1230 1583 1402 1620 libellum
1429 1584 1686 1631 inscriptum:
1718 1583 1823 1624 Quid
1850 1586 1905 1620 est
1922 1584 2095 1632 Papa&

1150 1637 1257 1673 cuius
1285 1642 1444 1680 auctor,
1472 1638 1658 1685 Iosephus
1683 1638 1920 1674 Valentinus
1945 1637 2066 1685 Eybel
2084 1665 2094 1682 ‚

1150 1691 1330 1727 Viennae
1356 1691 1453 1728 iuris
1481 1691 1660 1727 canonici
1687 1692 1899 1739 professor,
1918 1691 2096 1727 Richeri-

1149 1748 1301 1780 starum
1328 1749 1368 1781 et
1395 1745 1738 1781 Febronianorum
1757 1756 1868 1782 more
1890 1745 2095 1781 Ecclesiae

1151 1799 1467 1834 constitutionem
1501 1803 1542 1835 et
1567 1799 1615 1834 R.
1645 1798 1847 1834 Pontificis
1877 1798 2092 1845 primatum

1150 1852 1416 1899 oppugnabat.
1441 1852 1624 1889 Pontifex
1651 1853 1897 1900 praedictum
1923 1852 2094 1888 libellum

1150 1905 1353 1941 damnavit
1371 1911 1555 1953 tanquam
1574 1907 1842 1943 continentem
1862 1906 2098 1954 propositio-

1149 1970 1218 1995 nes
1246 1960 1467 2007 respective
1502 1960 1642 2004 falsas,
1669 1960 1944 2004 scandalosas‚
1972 1965 2094 1996 teme-

1150 2014 1292 2057 rarias,
1319 2014 1544 2057 iniuriosas‚
1572 2014 1862 2058 schismaticas,
1889 2024 2095 2057 erroneas,

1149 2066 1380 2103 inducentes
1402 2067 1441 2102 in
1460 2067 1672 2112 haeresim,
1692 2068 1917 2104 haereticas
1940 2072 1981 2104 et
1998 2068 2098 2103 alias

1149 2121 1197 2155 ab
1211 2121 1392 2157 Ecclesia
1409 2121 1614 2157 damnatas
1623 2123 1648 2155 4.
1664 2122 1871 2158 Musaeum
1886 2121 2096 2160 Clementi—

1150 2186 1240 2210 num
1267 2176 1509 2223 antiquitatis
1535 2177 1798 2212 monumentis
1823 2176 1991 2223 undique
2011 2186 2091 2211 ma—

1148 2239 1225 2274 gno
1245 2230 1370 2265 studio
1390 2230 1614 2277 conquisitis
1633 2230 1751 2274 auxit,
1771 2235 1811 2266 et
1828 2230 1980 2273 ditavit;
2003 2229 2094 2264 Kir-

1147 2281 1375 2319 cherianum
1394 2283 1596 2330 splendide
1618 2283 1886 2330 locupletavit·
1913 2283 2004 2318 Alia
2029 2294 2098 2319 ne·-

1147 2336 1256 2381 gotia
1282 2337 1540 2383 gravissima,
1567 2336 1742 2373 eiusdem
1768 2336 1970 2373 Pontificis
2000 2336 2093 2372 alibi

1147 2390 1381 2427 referemus.

1193 2443 1252 2480 70-
1283 2443 1476 2481 ordinum,
1502 2445 1777 2493 reliyiosorum
1801 2444 2094 2481 status-Nar-

1145 2501 1233 2532 rata
1257 2502 1348 2533 sunt
1373 2500 1595 2543 conamina,
1621 2499 1755 2546 quibus
1781 2498 2000 2544 Religionis
2025 2499 2091 2535 ho-

1144 2554 1223 2586 stes
1255 2552 1489 2595 effecerint,
1521 2558 1564 2588 ut
1599 2553 1833 2589 Iesuitarum
1868 2552 2092 2588 Institutum

1144 2604 1381 2641 aboleretur.
1412 2606 1531 2642 Iidem
1558 2606 1606 2641 ad
1633 2606 1807 2652 reliquos
1832 2605 1953 2642 etiam
1980 2605 2093 2642 Ordi-

1144 2668 1213 2693 nes
1240 2659 1445 2706 religiosos
1472 2659 1702 2695 minuendos
1728 2664 1796 2694 aut
1814 2659 1928 2706 plane
1947 2659 2094 2696 exstin-

1145 2711 1320 2757 guendos
1338 2710 1467 2748 studia
1486 2712 1750 2748 contulerunt.
1777 2712 1818 2747 In
1838 2712 1938 2749 hunc
1957 2713 2092 2758 finem,

1146 2769 1224 2799 tum
1258 2765 1297 2800 in
1325 2765 1525 2812 colloquiis
1559 2771 1638 2800 tum
1678 2765 1718 2800 in
1752 2765 1934 2812 scriptis,
1967 2767 2091 2802 vitam

1144 2818 1427 2854 monachorum
1453 2823 1496 2854 ut
1522 2819 1702 2861 otiosam,
1730 2819 1930 2864 inutilem,
1956 2831 2090 2866 super-

1144 2871 1333 2907 stitiosam
1363 2871 1635 2915 traducebant3
1663 2872 1901 2908 detrimenta
1927 2875 2051 2908 multa
2068 2885 2090 2910 e

1144 2924 1429 2961 Coenobiorum
1457 2925 1702 2961 multitudine
1726 2926 1967 2972 reipublicae
1986 2926 2090 2962 civili

1145 2978 1331 3014 obvenire
1357 2978 1568 3023 dicebant,
1602 2990 1727 3026 eaque
1759 2980 2088 3027 exaggerabant3

1195 3060 1204 3080 1
1225 3059 1311 3090 Obiit
1328 3060 1394 3090 xiiu
1414 3059 1562 3090 calendas
1581 3059 1758 3092 decembris
1778 3061 1876 3093 1775.

1190 3104 1205 3126 2
1222 3104 1332 3137 Neuer
1354 3104 1498 3136 Versuch
1514 3105 1593 3136 iiber
1609 3105 1661 3137 die
1683 3105 1904 3148 Weissayuny
1921 3115 1985 3138 von
2003 3106 2087 3140 Em·

203 3149 213 3170 ¹
244 3149 401 3183 Collectio
430 3149 595 3182 Brevium
625 3151 723 3190 atque
753 3149 1020 3184 instructionum
1045 3153 1098 3185 Pii
1148 3152 1299 3183 manuel.
1326 3168 1367 3185 -,-
1393 3149 1407 3170 3
1429 3150 1507 3183 Was
1524 3152 1567 3183 ist
1585 3151 1643 3183 der
1662 3151 1788 3184 Pabst?

155 3193 215 3236 Pp.
240 3195 292 3228 Vl.

1192 3195 1204 3217 4
1225 3195 1358 3228 Collect.
1380 3194 1542 3228 Brevium
1561 3197 1614 3229 Pii
1632 3197 1692 3238 Pp.
1720 3198 1760 3231 VI
1774 3198 1829 3231 cit.
