2241 3473
277 149 352 188 156

221 223 271 269 Is,
303 226 346 260 ut
377 223 545 261 diximus
561 251 570 267 ‚
602 222 836 259 sententiam
866 222 904 258 in
940 221 1153 258 Henricum

220 277 316 314 VIII
334 287 464 323 regem
482 275 646 322 Angliae
665 275 765 312 tulit.
782 274 1022 323 Praecipuas
1041 285 1155 311 curas

219 329 393 366 adhibuit
412 328 452 364 in
473 327 823 376 conciliandapace
843 327 947 365 inter
962 327 1154 376 principes

219 382 468 426 christianos,
506 382 736 428 praesertim
767 381 869 418 inter
909 380 1091 419 Carolum
1120 379 1156 417 V

216 435 483 483 imperatorem
500 437 538 470 et
552 433 804 471 Franciscum
819 435 836 471 Ι
851 445 984 483 regem
1002 430 1155 471 Galliae

216 488 255 524 in
276 487 504 534 extirpanda
524 487 676 524 haeresi
696 489 736 524 et
759 488 1015 525 instauranda
1035 486 1153 524 disci-

218 538 332 589 plina.
370 539 584 576 Concilium
613 540 810 588 generale·
832 541 973 578 indixit
1003 543 1042 577 et
1070 542 1156 589 post

217 593 341 630 multa
359 592 558 630 obstacula
574 593 728 630 demum
744 594 922 631 Tridenti
941 593 1154 639 inchoavit,

219 649 260 683 ut
280 645 508 683 videbimus.
530 646 814 684 Constitutione
835 648 949 685 Licet
965 647 1016 684 ab
1032 647 1154 684 z'nz‘tz'o

215 711 244 736 S.
256 698 523 746 Inquisitionis
539 699 890 749 Congregationem
907 714 926 738 e
942 700 966 738 6
983 700 1155 737 cardina-

215 752 315 788 libus
334 763 396 789 an.
419 752 520 790 1542
539 753 686 801 primus
706 754 886 800 instituit,
907 754 955 791 ad
977 765 1093 803 quam
1108 754 1153 790 de

216 804 324 842 Fidei
344 805 510 854 negotiis
536 818 583 843 ex
612 808 715 844 omni
747 808 839 845 orbe
866 808 1055 845 catholico
1092 818 1157 843 re-

217 857 386 895 ferretur
416 857 441 895 ¹.
472 859 769 898 Ecclesiasticae
805 861 1025 910 disciplinae
1063 872 1156 897 san-

218 911 378 948 ciendae
399 912 754 961 Coetuminstituit
781 919 949 962 quatuor
969 913 1160 963 gravissi—

217 976 365 1001 morum
395 967 435 1001 et
462 966 771 1004 doctissimorum
799 967 1062 1005 Cardinalium
1089 967 1156 1015 qui

216 1017 398 1055 offerrent
413 1019 654 1067 capitulatim
673 1021 835 1059 collecta
846 1021 977 1058 libello
993 1033 1039 1058 ea
1054 1032 1156 1069 quae

218 1071 424 1120 praecipue
450 1073 718 1111 emendatione
744 1074 862 1124 digna
883 1075 1109 1111 viderentur
1128 1072 1154 1111 ².

217 1125 429 1162 Consuevit
448 1126 566 1163 etiam
587 1139 704 1176 super
722 1140 896 1165 mensam
913 1131 1156 1177 praestantes

217 1177 460 1226 philosophos
489 1182 604 1228 atque
621 1181 825 1230 theologos
844 1182 1029 1218 inducere
1048 1185 1088 1218 et
1107 1181 1158 1229 ip-

217 1234 340 1268 semet
360 1234 562 1285 ponerede
577 1245 651 1282 quo
672 1234 925 1283 disputarent,
942 1235 1082 1284 quibus
1102 1245 1157 1271 re-

221 1285 289 1321 bus
309 1286 348 1322 et
363 1287 503 1334 agendi
524 1299 649 1325 mores
664 1290 703 1325 et
720 1288 898 1326 veritatis
915 1288 1159 1337 indagandae

219 1338 529 1376 ardentissimum
562 1341 734 1378 studium
772 1341 1022 1390 significavit.
1063 1342 1159 1379 Cum

219 1403 339 1428 annos
362 1392 409 1429 15
430 1395 470 1429 et
488 1393 567 1431 dies
586 1394 637 1431 28
658 1397 882 1444 regnasset,
901 1398 959 1432 1v⁰
979 1395 1068 1432 idus
1097 1407 1159 1432 no-

220 1444 388 1482 vembris
412 1445 511 1484 1549
532 1448 636 1485 senio
658 1449 837 1497 curisque
863 1447 1061 1486 confectus
1088 1449 1159 1486 de-

218 1498 344 1535 cessit.
365 1498 457 1536 Alia
477 1500 590 1538 huius
606 1501 809 1540 Pontificis
829 1505 939 1552 gesta
959 1502 1038 1540 suis
1065 1501 1160 1539 locis

218 1551 477 1591 narrabimus.

268 1604 557 1645 2I.Socz'etates
571 1608 1159 1657 Clerz'corumReyuZarz'um—

218 1658 364 1696 Eodem
390 1671 482 1697 sane
500 1664 695 1712 tempore,
715 1674 792 1711 quo
820 1663 1007 1700 haeretici
1033 1662 1160 1712 specie

258 1764 266 1784 ¹
286 1764 411 1796 Bullar.
430 1764 564 1798 Roman.
581 1770 599 1798 t.
618 1767 665 1805 IV,
684 1772 761 1807 part.
781 1769 800 1798 l.
818 1768 880 1799 lam
897 1767 1031 1799 vidimus
1047 1768 1088 1807 (p.
1107 1766 1160 1807 61)

219 1806 352 1837 officium
367 1808 571 1847 lnquisitionis
584 1809 623 1839 ab
641 1810 725 1840 initio
739 1808 893 1840 Ecclesiae
907 1810 1073 1840 exercitum
1088 1809 1158 1840 fuis-

219 1857 262 1878 se.
280 1849 389 1879 Paulus
408 1851 460 1888 Pp.
476 1850 520 1880 III
540 1851 656 1889 primus
679 1852 811 1882 instituit
834 1852 914 1882 hanc
931 1852 1160 1891 congregatio-

221 1899 297 1920 nem.
316 1891 478 1921 Pontifices
496 1901 695 1923 successores
719 1893 757 1923 ad
776 1894 932 1924 meliorem
949 1893 1156 1923 conditionem

221 1932 410 1962 reduxerunt
432 1935 461 1962 et
483 1942 549 1963 eam
573 1934 806 1965 confirmarunt.
822 1936 871 1966 Sic
896 1935 1007 1965 Paulus
1033 1936 1084 1973 Pp.
1108 1934 1158 1973 IV,

220 1973 357 2003 eamdem
381 1974 602 2011 constabilivit,
618 1975 820 2015 instituitque,
838 1980 869 2006 ut
891 1977 956 2007 cius
979 1976 1156 2006 Tribunalis

219 2023 360 2051 caussae,
377 2024 454 2054 quae
472 2016 657 2047 delectorum
674 2018 882 2048 Cardinalium
899 2018 1081 2048 auctoritate
1096 2022 1156 2048 ter-

220 2056 332 2086 minari
347 2057 499 2093 solebant,
516 2067 620 2088 coram
638 2060 774 2089 Romano
793 2059 938 2090 l‘outifice
955 2060 1005 2089 die
1021 2060 1115 2089 semel
1128 2060 1157 2089 in

222 2097 417 2127 hebdomada
433 2103 546 2129 statuto
563 2104 842 2138 cognoscerentur3
861 2105 952 2141 atquc
969 2102 1073 2131 statuit
1088 2101 1156 2131 osii·

221 2139 300 2168 cium
317 2140 451 2177 supremi
466 2140 659 2180 inquisitoris
677 2151 737 2171 non
762 2142 905 2179 deficere,
921 2142 1064 2173 Pontilice
1081 2151 1157 2173 moi·-

221 2183 280 2209 tuo.
300 2181 371 2210 Pius
397 2182 446 2219 Pp.
465 2182 508 2217 lV,
522 2183 622 2212 Const.
641 2183 756 2213 LXXIV
775 2183 950 2214 Pas-iuratis
969 2183 1074 2224 Officii
1090 2181 1173 2214 eam'

220 2222 420 2258 confirmavit,
437 2227 466 2252 ct
490 2226 701 2263 motuproprio
721 2223 801 2256 Cum
813 2225 876 2256 Nos
899 2227 1004 2256 statuit
1021 2226 1154 2256 validum

220 2272 288 2293 csse
305 2263 385 2302 quod
410 2273 427 2293 a
445 2265 551 2294 maiori
577 2271 663 2304 parte
680 2267 888 2298 Cardinalium
914 2268 1003 2297 huius
1021 2268 1157 2308 Congre-

220 2305 356 2343 gationis
372 2309 453 2336 esset
471 2310 626 2336 statutum.
646 2308 673 2337 S.
693 2309 763 2338 Pius
781 2309 833 2346 Pp.
853 2310 884 2345 V,
901 2310 1001 2339 (loust.
1020 2307 1158 2339 Sanctis-

219 2346 329 2383 sii-nus,
346 2345 435 2376 Inter
452 2347 655 2387 multiplices,
669 2352 697 2379 et
713 2348 791 2380 Cum
808 2348 921 2381 Felicis
937 2351 1014 2380 alias
1032 2351 1156 2390 regulas

221 2393 250 2417 ct
266 2387 486 2426 dispositioncs
499 2391 661 2420 emanavit.
679 2391 778 2421 Sixtus
792 2392 844 2430 Pp.
863 2393 892 2429 V,
907 2394 1008 2422 const.
1026 2392 1156 2423 Immeri-

219 2429 469 2465 .s·a‚consirinavit
492 2433 521 2461 et
544 2432 758 2462 corroboravit
786 2444 797 2460 «
821 2435 1099 2472 (loiigregationem
1123 2434 1156 2466 S.

221 2470 442 2509 lnquisitionis,
459 2473 507 2502 cui
524 2473 562 2502 ob
578 2482 727 2504 summam
745 2475 787 2504 rei
805 2480 1002 2514 gravitatem,
1021 2475 1155 2506 Pontifex

221 2513 397 2550 praesidere
420 2513 518 2551 solet,
535 2513 616 2544 illius
647 2516 746 2546 omnia
764 2516 921 2555 instituta,
938 2526 1105 2556 omnesque
1129 2522 1158 2548 et

221 2553 362 2592 singulas
378 2555 537 2586 facultates
551 2566 568 2586 a
582 2557 639 2587 nn.
656 2558 708 2587 ΡΙ).
722 2558 935 2588 cardinalibus
949 2559 986 2588 ad
1004 2567 1070 2588 eam
1085 2559 1158 2589 Cou-

221 2597 434 2635 gregationem
453 2606 507 2635 pro
523 2602 662 2637 tempore
678 2599 805 2629 delectis
827 2609 1002 2637 concessas,
1020 2609 1155 2630 omnem-

222 2646 280 2676 que
298 2639 511 2669 auctoritatem
529 2644 557 2670 et
571 2643 751 2678 potestatem
765 2642 808 2671 cis
822 2643 1088 2678 communicatam,
1101 2643 1158 2673 sci-

222 2679 293 2708 licet
309 2680 480 2718 inquirendi
496 2705 502 2718 ‚
520 2681 648 2718 citandi,
676 2683 880 2721 procedendi,
906 2683 1111 2713 sententiandi
1128 2687 1157 2713 ct

222 2719 386 2751 definiendi
405 2722 433 2751 in
457 2722 601 2753 omuibus
625 2723 826 2762 causis,tam
851 2725 1004 2755 haeresim
1031 2725 1159 2755 manife-

223 2765 321 2799 stam,
338 2771 428 2801 quam
453 2764 620 2794 schismata
633 2790 640 2802 ,
656 2767 846 2803 apostasiam
871 2775 887 2795 a
905 2766 992 2801 Fide,
1011 2766 1156 2804 magiam,

221 2804 399 2840 sortilegia,
421 2805 624 2836 divinationes
641 2830 648 2844 ,
671 2812 934 2837 sacramentorum
966 2809 1103 2842 abusus,
1129 2811 1158 2837 ct

222 2853 434 2884 quaecumque
451 2848 526 2885 alia,
544 2857 622 2887 quac
639 2848 729 2879 ctiam
747 2853 976 2888 praesumptam
1005 2850 1156 2880 haeresim

223 2896 333 2924 sapuere
351 2887 540 2924 viderentur,
557 2891 813 2920 concernentibus
830 2900 889 2921 non
906 2891 1003 2920 solum
1021 2891 1049 2921 in
1070 2891 1157 2929 Urbe,

221 2931 250 2958 ct
263 2930 345 2957 siaiu
363 2931 522 2967 temporali
536 2930 667 2970 S.Se‹lis,
679 2932 731 2961 sed
749 2931 840 2962 etiam
855 2932 882 2962 in
899 2933 1040 2963 universo
1058 2937 1158 2963 teri-:i-

223 2978 289 2999 rum
306 2970 399 3004 Orbe,
415 2972 462 3001 ulii
481 2973 651 3003 Christiana
681 2975 763 3011 viget
779 2975 898 3013 Religio
911 2998 918 3010 ,
935 2983 1029 3011 super
1052 2984 1157 3004 onim-s

223 3012 429 3048 Patriarchas,
445 3014 601 3051 Priinatcs,
618 3016 881 3054 Archiepiscopos,
895 3020 924 3046 ct
940 3015 1018 3046 alios
1036 3017 1158 3046 ins-irio-

222 3062 270 3082 rcs
288 3063 322 3082 ac
340 3053 552 3092 inquisitores,
571 3066 763 3095 quocumque
789 3058 950 3096 privilegio
977 3057 1016 3087 illi
1042 3057 1157 3088 still'ulti

224 3095 282 3123 sint
295 3106 321 3124 n.
336 3096 532 3127 confirmavit
545 3100 573 3127 ct
589 3106 655 3127 caui
672 3098 827 3129 ordinavit
843 3099 962 3129 deinum
975 3099 1158 3130 Benedictus

227 3136 290 3166 xiv
309 3135 414 3174 inillis,
430 3136 574 3169 Sollicita
591 3142 619 3169 et
633 3138 674 3169 ml
689 3138 893 3179 Supremam.

849 157 1001 185 EPOCHA
1029 157 1083 184 XI.
1113 155 1165 182 AB
1194 155 1330 184 INITIIS
1357 157 1533 184 LVTHERI

1197 220 1482 260 reformationis
1498 221 1634 259 Fidem
1651 224 1962 272 corrumpebant,
1980 223 2143 262 sanctis-

1197 273 1293 310 sima
1311 274 1512 312 Ecclesiae
1539 275 1718 312 instituta
1740 275 2048 325 abrogabant‚et
2064 289 2140 326 po-

1196 327 1304 375 pulos
1325 328 1373 364 ad
1395 328 1552 365 noxiam
1569 328 1790 365 libertatem
1805 333 1922 379 atque
1938 330 2138 368 licentiam

1197 380 1485 428 conducebant3
1505 380 1573 418 alii
1591 381 1791 430 religionis
1817 386 1856 420 et
1883 384 2021 422 salutis
2049 384 2140 421 ani-

1200 444 1347 470 marum
1361 434 1534 481 studiosi,
1546 434 1628 483 pias
1640 434 1896 474 instituerunt
1909 437 2140 475 clericorum

1198 488 1414 534 societates,
1431 488 1494 536 qui
1511 500 1586 525 non
1605 489 1762 525 tantum
1783 490 1960 538 propriae
1979 490 2138 539 perfec—

1198 540 1313 585 tioni,
1334 541 1401 578 sed
1421 541 1537 579 etiam
1558 541 1726 590 aliorum
1746 543 1882 580 morali
1904 544 2139 582 emendatio·

1201 593 1239 630 ni
1259 596 1297 631 et
1313 594 1429 631 saluti
1446 606 1604 644 operam
1625 597 1830 632 navarent.
1853 596 1987 634 Prima
2007 609 2057 634 ex
2077 597 2137 635 his

1198 646 1440 685 Clericorum
1461 648 1711 686 societatibus
1731 648 1922 697 originem
1937 661 2050 687 suam
2069 650 2144 687 de·-

1198 700 1281 738 buit
1300 712 1329 738 s.
1351 701 1536 739 Caietano
1556 701 1775 748 Thienaeo,
1796 702 1916 739 nobili
1936 702 2143 740 Vicentino

1199 756 1238 790 et
1259 754 1413 791 erudito
1434 755 1674 804 presbytero3
1692 754 1758 803 qui
1777 756 1983 804 postquam
2002 767 2094 793 cum
2114 757 2144 794 I.

1200 807 1243 844 P.
1257 807 1408 854 Carasa,
1422 808 1813 857 episcopoTheatinQ
1826 809 2145 857 posteaRomano

1201 860 1390 898 Pontifice
1419 862 1490 899 sub
1511 861 1624 899 Pauli
1647 862 1703 900 IV
1730 861 1903 908 nomine,
1925 862 1970 899 de
1990 862 2144 900 instau-

1200 915 1322 951 randa
1341 915 1380 951 in
1401 915 1504 952 clero
1525 915 1668 964 pietate
1690 916 1729 952 et
1749 915 2001 954 emendandis
2021 915 2145 953 mori-

1199 968 1270 1005 bus
1286 967 1526 1013 contulisset,
1539 968 1603 1005 hic
1624 968 1780 1006 dimisso
1800 968 2036 1018 episcopatu,
2056 967 2146 1007 cum

1199 1021 1223 1058 2
1239 1020 1325 1058 aliis
1342 1021 1435 1059 viris
1455 1034 1496 1059 se
1517 1022 1703 1060 Caietano
1725 1022 1906 1059 adiunxit
1927 1023 1975 1060 ad
1995 1022 2149 1073 erigen-

1199 1075 1287 1112 dam
1308 1075 1548 1112 Clericorum
1568 1075 1797 1112 societatem
1811 1104 1820 1122 ‚
1841 1075 1951 1114 cuius
1971 1075 2060 1113 finis
2080 1088 2147 1114 es·-

1200 1130 1290 1174 set,
1319 1129 1390 1166 sub
1415 1129 1535 1166 trium
1562 1131 1740 1166 votorum
1769 1129 2076 1180 monasticorum
2106 1132 2166 1168 et.

1200 1181 1468 1220 strictissimae
1489 1182 1730 1232 paupertatis
1758 1183 2063 1232 nuncupatione,
2079 1193 2147 1220 sa-

1200 1234 1275 1272 luti
1298 1235 1517 1273 animarum
1539 1239 1578 1273 et
1597 1235 1839 1285 provectioni
1859 1236 2015 1285 pietatis
2035 1235 2147 1273 chri-

1200 1287 1350 1326 stianae
1369 1289 1599 1327 adlaborare
1612 1319 1621 1335 ,
1642 1289 1872 1337 praesertim
1893 1289 2016 1328 divini
2036 1289 2148 1327 verbi

1204 1342 1505 1390 praedicatione,
1527 1343 1872 1380 Sacramentorum
1893 1342 2150 1381 administra-

1203 1395 1328 1441 tione,
1358 1396 1602 1433 infirmorum
1633 1396 1917 1442 consolatione,
1938 1397 2147 1434 haeresum

1203 1449 1506 1498 impugnatione.
1536 1451 1610 1487 An.
1643 1448 1743 1488 1524
1772 1450 1952 1487 Clemens
1980 1450 2053 1498 Pp.
2073 1449 2149 1487 VII

1204 1503 1301 1539 hanc
1333 1502 1562 1540 societatem
1590 1502 1698 1540 cuius
1727 1502 1840 1540 initia
1874 1501 2041 1552 praefati
2069 1503 2149 1540 viri

1203 1556 1351 1593 Romae
1371 1556 1657 1594 constituerunt
1675 1556 1747 1593 sub
1767 1556 2008 1593 Clericorum
2027 1567 2147 1606 regu-

1203 1609 1344 1646 larium
1371 1609 1524 1647 nomine
1544 1609 1787 1658 approbavit.
1810 1609 1965 1648 Primus
1986 1609 2148 1648 societa-

1205 1662 1252 1700 tis
1268 1665 1399 1700 rector
1415 1663 1488 1700 fuit
1504 1661 1656 1709 Carasa,
1672 1665 1790 1700 antea
1806 1662 2010 1712 episcopus
2024 1662 2150 1701 Thea-

1203 1716 1310 1754 tinus
1326 1746 1336 1763 ,
1367 1716 1468 1754 unde
1503 1716 1784 1754 Theatinorum
1806 1727 1944 1754 nomen
1966 1716 2148 1755 societati

1206 1769 1384 1807 adhaesit
1399 1771 1420 1808 ¹.

1256 1823 1427 1861 Similem
1457 1823 1683 1876 societatem
1715 1835 1774 1861 an.
1803 1822 1905 1862 1530
1934 1822 2148 1861 Mediolani

1202 1876 1458 1914 instituerunt
1477 1877 1502 1914 3
1522 1877 1742 1915 sacerdotes
1762 1877 2006 1922 saeculares,
2028 1877 2151 1915 Iaco-

1202 1930 1274 1967 bus
1294 1930 1488 1968 Antonius
1508 1930 1688 1978 Morigia‚
1709 1930 2034 1968 Bartholomaeus
2057 1930 2152 1968 Fer-

1203 1983 1282 2020 rari
1301 1986 1340 2021 et
1359 1984 1551 2022 Antonius
1584 1984 1714 2022 Maria
1747 1984 1942 2022 Zaccaria.
1973 1983 2068 2022 Eius
2102 1995 2148 2021 e-

1202 2036 1297 2074 tiam
1314 2050 1453 2086 scopus
1473 2037 1559 2083 fuit,
1573 2040 1615 2075 ut
1630 2037 1849 2082 socii,votis
1865 2038 2093 2075 monasticis
2110 2039 2151 2075 et

1203 2090 1308 2128 vitae
1330 2092 1489 2140 pauperi
1515 2091 1726 2140 humilique
1746 2090 1936 2140 adstricti,
1964 2102 2082 2128 curae
2103 2102 2150 2128 a·

1203 2145 1416 2190 nimarum,
1438 2144 1571 2182 divino
1599 2146 1718 2182 verbo
1749 2144 2032 2193 praedicando,
2054 2155 2151 2181 con-

1204 2197 1433 2235 fessionibus
1453 2197 1705 2247 excipiendis,
1722 2196 1916 2235 iuventuti
1937 2197 2150 2236 instituen-

1201 2251 1284 2296 dae,
1296 2250 1513 2289 seminariis
1522 2250 1704 2300 regendis
1713 2262 1870 2300 operam
1881 2250 2147 2288 darent.Hanc

1202 2304 1437 2342 Societatem
1458 2303 1634 2342 Clemens
1650 2304 1724 2341 VII
1749 2316 1811 2342 an.
1831 2304 1932 2342 1532
1951 2304 2148 2353 approba-

1202 2358 1269 2394 vit.
1291 2357 1384 2395 Eius
1404 2357 1550 2395 alumni
1570 2358 1757 2395 nominati
1773 2360 1864 2395 sunt
1879 2357 2018 2396 Clerici
2034 2369 2149 2407 regu·

1200 2411 1300 2448 lares
1329 2423 1359 2448 s.
1382 2410 1515 2456 Pauli,
1545 2411 1692 2449 scilicet
1721 2411 1906 2461 apostoli,
1925 2423 2038 2460 quem
2072 2411 2145 2450 sibi

1201 2466 1402 2513 patronum
1420 2466 1458 2501 et
1472 2464 1674 2513 exemplar
1690 2464 1904 2514 elegerunt,
1916 2467 2053 2514 postea
2066 2465 2154 2502 vul-

1201 2530 1248 2566 go
1270 2517 1361 2554 dicti
1384 2520 1474 2555 sunt
1490 2517 1726 2556 Barnabitae
1747 2519 1793 2556 ab
1814 2518 1985 2556 ecclesia
2004 2530 2033 2556 s.
2051 2518 2148 2556 Bar·

1203 2571 1336 2615 nabae,
1353 2583 1451 2619 quac
1472 2571 1527 2608 cis
1548 2571 1757 2609 Mediolani
1778 2571 1924 2610 tradita
1945 2570 2023 2610 fuit
2039 2569 2066 2609 ².

1254 2625 1336 2662 Hac
1357 2624 1571 2663 Societates
1593 2638 1666 2663 non
1687 2627 1840 2663 tantum
1860 2625 1986 2672 intra,
2006 2625 2074 2663 sed
2102 2636 2152 2662 e-

1200 2678 1293 2715 tiain
1315 2680 1429 2715 extra
1446 2678 1597 2716 Italiam
1620 2681 1854 2729 propagatae
1875 2680 1976 2717 sunt.
1999 2677 2148 2716 Similis

1202 2731 1275 2768 illis
1298 2731 1370 2768 fuit
1386 2732 1649 2781 congregatim
1666 2744 1782 2782 quain
1804 2731 1981 2770 fundavit
1999 2743 2028 2770 s.
2048 2731 2148 2769 Hie-

1204 2796 1387 2833 ronymus
1416 2785 1669 2831 sEmilianus,
1698 2786 1764 2835 qui
1796 2784 1990 2824 senatorio
2010 2784 2148 2823 Vene-

1202 2842 1329 2875 torum
1351 2850 1492 2885 genere
1519 2841 1646 2886 ortus,
1669 2841 1792 2888 primo
1822 2838 2000 2877 militiam
2030 2849 2147 2876 secu-

1202 2895 1278 2935 tus,
1300 2891 1441 2929 deinde
1462 2905 1501 2929 se
1524 2896 1647 2930 totuin
1670 2892 1920 2930 instituendis
1943 2891 1990 2930 ad
2013 2891 2148 2941 pieta-

1204 2949 1275 2982 tem
1298 2950 1336 2982 ct
1359 2945 1510 2983 littei-as
1531 2947 1732 2995 orphanis,
1756 2945 1977 2983 erudiendis
1997 2945 2035 2982 in
2057 2944 2153 2982 reli·

1202 3000 1314 3047 gionc
1337 2999 1585 3047 pauperibus,
1606 3003 1645 3038 ct
1675 2998 1903 3037 reducendis
1932 2998 1980 3036 ad
2009 2997 2147 3046 poeni-

1204 3051 1363 3089 tentiam
1383 3053 1647 3100 peccatoribus
1671 3052 1919 3102 mancipavit.
1948 3052 2090 3089 Postea
2110 3051 2148 3088 in

1202 3105 1380 3142 cumdem
1410 3105 1550 3153 finem,
1580 3106 1741 3144 adlectis
1770 3105 1840 3144 sibi
1873 3105 2048 3155 pluribus
2079 3104 2150 3154 piis

267 3177 280 3197 '²
304 3178 366 3208 Vid.
398 3180 492 3211 Natat
523 3181 605 3212 Alex.
630 3181 660 3212 in
678 3180 755 3213 llist.
774 3181 852 3213 Ecel.
872 3191 956 3214 saec.
971 3183 1021 3213 XV
1037 3185 1066 3214 ct
1084 3183 1158 3222 xvi,
1220 3165 1256 3205 Ῑ
1273 3186 1388 3225 llclyot,
1406 3185 1543 3216 Histoire
1558 3185 1610 3218 stes
1629 3186 1718 3220 (Ji-ar.
1736 3186 1824 3229 reliq.
1843 3191 1862 3219 t.
1879 3187 1938 3226 vn,
1956 3196 1984 3227 p.
2001 3186 2028 3218 7.

227 3228 251 3251 c.
273 3218 296 3258 l,
312 3229 337 3250 a.
359 3220 402 3251 lli.

1245 3227 1257 3248 ’ἶ
1278 3228 1353 3259 lbid.
1371 3231 1389 3258 t.
1411 3229 1456 3267 iv,
1475 3237 1502 3268 p.
1520 3227 1588 3261 ΗΟ.
