2241 3473
578 175 704 204 VSQVE
732 173 785 200 AD
814 173 962 200 onl'rvm
991 173 1021 200 S.
1052 172 1214 199 lOANle
1243 171 1433 198 APOSTOLI

42 250 212 289 omnium
229 250 494 296 Ecclesiarum
510 252 675 288 matrem
696 261 740 287 ac
755 247 981 296 magistram

40 303 217 354 agnitam
237 303 366 341 fuisse.
389 304 516 341 Huius
537 303 728 353 primatus
747 302 983 339 documenta

40 356 213 405 plurima
233 357 344 394 nobis
363 357 524 395 exhibet
553 358 764 405 primorum
786 353 983 391 Ecclesiae

41 409 286 448 saeculorum
298 410 473 454 historia,
490 416 532 447 ut
548 421 615 459 per
629 419 762 446 eorum
778 407 980 444 decursum

43 462 268 500 videbimus.
288 464 498 501 Praeterea
518 463 618 500 sicut
634 462 739 498 inter
760 461 979 497 Romanam

38 518 79 554 et
96 518 275 553 caeteras
296 517 495 561 ecclesias,
516 517 572 553 ita
592 515 690 552 inter
719 514 788 551 has
809 513 913 562 ipsas
934 514 981 550 ab

39 568 149 607 initio
166 574 296 607 certus
313 569 575 607 hierarchicus
586 567 678 605 ordo
694 567 837 604 extitit.
851 566 980 608 Quum

37 622 143 660 enim
181 623 358 672 Apostoli
400 623 627 672 plerumque
673 620 711 657 in
750 619 981 657 civitatibus

39 675 251 713 maioribus
289 688 358 714 seu
393 673 687 723 metropoliticis
720 672 981 721 Evangelium

39 729 312 778 praedicarint,
321 732 362 766 et
379 727 558 766 ecclesias
575 726 838 771 fundaverint,
854 737 876 762 a
893 726 982 774 qui-

38 782 112 820 bus
131 781 233 820 aliae
251 782 386 819 Fidem
406 782 649 828 acceperunt,
665 779 755 816 illae
775 780 824 816 ab
846 779 905 817 his
921 791 983 816 ve-

39 834 113 872 luti
128 834 312 872 ecclesiae
330 836 476 871 matres
492 833 746 877 habebantur,
759 835 798 869 et
813 833 851 870 in
866 833 982 870 rebus

39 887 316 925 difficilioribus
342 886 667 931 consulebantur,
687 886 918 934 illarumque
937 898 981 923 c-

39 940 184 989 piscopi
209 940 374 977 caeteris
393 942 501 977 certa
521 939 752 976 auctoritate
777 943 817 976 et
837 940 982 976 honore

35 993 299 1042 praestabant.
343 993 456 1030 Unde
491 992 784 1030 fundamentum
823 993 978 1030 hierar-

35 1045 146 1084 chiae
165 1057 234 1084 seu
258 1046 484 1095 systematis
504 1045 775 1094 metropolitici
796 1045 925 1094 plures
945 1058 981 1083 c-

35 1098 156 1136 ruditi
170 1099 218 1136 ab
237 1099 326 1148 ipsis
341 1099 537 1148 Apostolis
552 1101 747 1148 repetunt.
762 1099 868 1136 Inter
881 1099 982 1146 ipsos

36 1151 305 1200 metropolitas
323 1153 523 1202 episcopos
542 1164 565 1190 a
587 1152 721 1200 priscis
741 1152 982 1201 temporibus

35 1203 100 1242 alii
119 1205 206 1243 aliis
226 1205 371 1243 honore
390 1205 617 1254 iuribusque
638 1206 859 1254 superiores
878 1206 982 1243 exti-

34 1260 182 1296 terunt.
203 1258 311 1296 Inter
330 1270 462 1296 omnes
482 1259 627 1296 honore
641 1263 681 1295 et
699 1258 916 1307 privilegiis
935 1272 980 1297 e—

35 1310 262 1349 minuerunt
281 1312 484 1350 Romanus
503 1312 544 1349 in
566 1311 788 1359 Occidente,
809 1312 982 1350 Alexan-

35 1363 170 1402 drinus
185 1364 225 1401 in
239 1364 433 1415 AEgypto,
451 1368 490 1403 et
509 1365 776 1403 Antiochenus
796 1366 836 1402 in
851 1366 980 1415 Syria,

34 1419 117 1454 tum
137 1418 240 1466 quod
258 1430 394 1456 eorum
417 1419 525 1457 sedes
541 1423 671 1456 essent
689 1418 727 1455 in
743 1419 982 1468 principibus

34 1470 186 1520 imperii
211 1471 440 1510 civitatibus
456 1501 466 1518 ,
485 1475 572 1509 tum
601 1471 772 1509 maxime
800 1473 903 1521 quod
932 1474 980 1510 ab

32 1523 115 1572 ipso
143 1523 262 1562 Petro
282 1525 557 1574 Apostolorum
593 1525 765 1574 principe
785 1525 978 1575 originem

32 1579 271 1626 repeterent.
295 1579 420 1627 «Ipse
444 1578 547 1616 enim
567 1578 764 1629 (Petrus),
785 1582 827 1616 ut
846 1579 981 1628 pulcre

35 1630 91 1668 ait
110 1642 140 1668 s.
163 1630 378 1680 Gregorius
404 1631 478 1679 M.‚
498 1631 724 1670 sublimavit
742 1633 871 1670 sedem
891 1634 984 1682 (Ro-

34 1682 222 1732 manam),
240 1683 280 1720 in
296 1696 372 1732 qua
389 1684 508 1722 etiam
529 1685 727 1733 quiescere
747 1689 787 1722 et
805 1697 983 1734 praesen·

34 1739 116 1773 tem
140 1735 263 1774 vitam
282 1737 397 1775 finire
417 1737 604 1787 dignatus
623 1742 692 1776 est.
713 1738 798 1787 Ipse
818 1739 979 1777 decora-

34 1788 93 1826 vit
115 1789 246 1827 sedem
265 1789 622 1841 (Alexandrinam),
635 1791 673 1828 in
691 1803 769 1839 qua
788 1792 983 1841 evangeli-

34 1843 134 1879 stam
161 1842 394 1892 discipulum
416 1844 532 1881 misit.
554 1844 640 1892 Ipse
659 1844 833 1883 firmavit
852 1846 982 1883 sedem

35 1894 369 1945 (Antiochenam),
396 1896 436 1933 in
457 1909 534 1945 qua
553 1901 698 1946 septem
719 1899 830 1936 annis
850 1910 983 1947 quam-

34 1948 95 1985 vis
113 1948 353 1987 discessurus
371 1949 495 1987 sedit¹
512 1962 548 1987 ».
568 1950 790 1988 Secundum
806 1952 908 1989 hunc
924 1963 981 1989 or-

34 2000 164 2038 dinem
183 2001 376 2040 maiorum
397 2002 546 2041 sedium
566 2003 761 2042 antistites
782 2005 875 2042 dicti
890 2009 982 2043 sunt

32 2054 325 2104 archiepiscopi,
333 2055 533 2104 primates,
544 2057 750 2103 exarchae,
762 2061 801 2095 et
812 2058 978 2097 Roman.

31 2106 255 2155 Alexandr„
275 2111 315 2146 et
342 2109 574 2147 Antiochen.
595 2110 852 2159 patriarchae.
874 2112 980 2150 Haec

34 2171 168 2198 eorum
178 2161 346 2208 nomina,
356 2163 442 2200 iura
454 2166 569 2211 atque
578 2163 786 2213 privilegia
802 2165 982 2213 pedeten-

31 2212 102 2250 tim
118 2226 189 2252 usu
203 2214 372 2264 primum
391 2219 431 2253 et
450 2217 727 2254 consuetudine
739 2218 980 2264 inducta‚de-

30 2265 120 2304 inde
149 2267 189 2304 in
205 2268 378 2306 conciliis
394 2269 519 2318 magis
533 2269 730 2318 explicata
750 2274 868 2320 atque
881 2272 978 2309 defi-

30 2319 113 2358 nita
133 2324 235 2367 sunt3
255 2321 338 2370 ipsa
358 2334 453 2360 vero
473 2334 536 2360 res
556 2335 603 2360 ex
621 2324 833 2372 apostolica
852 2326 979 2363 tradi-

28 2371 138 2410 tione
158 2375 357 2423 repetitur.
368 2376 527 2414 Revera
543 2379 674 2423 can.4,
693 2377 718 2414 6
734 2380 773 2415 et
792 2378 816 2414 7
836 2378 976 2416 Conci-

27 2424 73 2462 lii
92 2425 255 2464 Nicaeni
274 2427 304 2473 I,
324 2439 386 2466 an.
406 2429 484 2467 325
504 2429 701 2476 celebrati,
716 2431 978 2479 patriarchica

31 2481 71 2515 et
89 2480 373 2528 metropolitica
391 2481 479 2519 iura
509 2494 584 2520 non
619 2483 888 2532 instituerunt,
911 2487 979 2524 sed

30 2532 256 2570 secundum
280 2541 486 2584 acceptam
513 2548 541 2573 a
561 2537 759 2574 Patribus
788 2539 979 2587 regulam

28 2589 68 2622 et
83 2597 217 2623 mores
236 2589 432 2637 antiquos
451 2591 804 2638 confirmarunffl.

81 2637 143 2675 54.
166 2639 366 2686 Hermas,
396 2641 626 2692 Dionysius
652 2644 908 2693 Areopayz'ta
927 2667 979 2672 —

31 2689 69 2727 S.
90 2691 281 2730 Clementi
311 2694 489 2732 Romano
521 2696 695 2744 aequalis
715 2696 793 2735 fuit
820 2710 849 2736 s.
872 2698 978 2736 Her-

31 2754 127 2790 mas,
144 2757 260 2794 quem
280 2747 477 2795 apostolus
496 2748 645 2787 Paulus
664 2750 703 2786 in
722 2762 795 2788 sua
814 2752 978 2800 epistola

29 2796 79 2834 ad
94 2797 315 2836 Romanos³
331 2799 490 2838 salutat.
503 2801 583 2839 Sub
600 2802 683 2840 eius
699 2804 852 2842 nomine
864 2809 977 2844 extat

73 2926 133 2998 :up
150 2927 202 2958 VII
218 2925 315 2968 Epist.
332 2927 381 2968 40,
399 2929 477 2961 alias
493 2929 543 2970 37,
559 2939 638 2971 quae
653 2935 701 2963 est
716 2931 757 2963 ad
771 2932 882 2974 Euloq.
901 2934 979 2967 Ale-

28 2974 72 2998 xa
118 2976 145 3000 r.

70 3008 84 3030 ²
100 3009 138 3040 Cf
154 3010 351 3049 Thomassin,
374 3011 465 3044 Vetus
480 3014 510 3043 et
526 3021 608 3044 nova
623 3013 782 3046 Ecclesiae
796 3015 976 3058 disciplina,

30 3051 50 3079 t.
66 3049 96 3085 Ι,
113 3059 140 3089 p.
157 3050 215 3096 1‚‚1.
233 3052 261 3090 13
277 3054 311 3085 Α.
329 3054 473 3092 Bianchi,
488 3053 577 3085 Deua
591 3055 716 3095 potesta
731 3066 748 3087 e
762 3056 846 3090 della
861 3058 976 3098 politia

30 3089 116 3136 della
140 3090 262 3131 Chtesa,
284 3094 302 3124 l.
326 3095 371 3133 ΙΙ,
395 3105 422 3127 c.
438 3096 460 3133 Ι,
484 3100 503 3126 t.
526 3096 577 3133 1v;
601 3096 764 3138 Selvaggi,
787 3101 976 3140 Antiquitat.

29 3130 137 3177 chr-ast.
161 3137 180 3164 t.
203 3133 227 3172 1,
244 3135 262 3167 Ι,
278 3135 300 3172 I,
318 3146 342 3167 c.
362 3136 397 3167 17
416 3142 444 3167 et
459 3137 512 3174 20;
531 3138 691 3176 mamae-hi,
710 3139 855 3180 Origines
870 3147 903 3172 et
918 3151 976 3173 an-

32 3177 134 3212 tnqmt.
150 3174 216 3206 chr.
232 3179 250 3206 t.
270 3177 323 3215 lv,
339 3178 358 3208 l.
374 3178 410 3217 4;
425 3179 551 3209 Carolus
569 3188 586 3209 a
603 3188 626 3209 s.
646 3180 755 3220 Paulo,
774 3181 974 3224 Geoqrapht'a

30 3221 148 3286 εαξη-,αἴν
149 3215 173 3296 ¹1,
182 3216 424 3289 I1;4Scliclstrate,
439 3220 596 3260 Antiqua.
611 3220 722 3252 christ.

1869 157 1921 196 29

1026 246 1125 284 liber
1143 245 1354 295 inscriptus
1374 246 1537 290 Pastor,
1547 243 1613 293 qui
1632 244 1785 281 constat
1805 245 1972 293 quatuor

1026 299 1239 338 visionibus
1253 329 1262 344 ‚
1287 299 1489 336 duodecim
1509 297 1724 346 praeceptis
1739 326 1748 342 ,
1776 301 1816 334 et
1838 297 1972 334 deoem

1025 353 1358 398 similitudinibus,
1373 352 1622 400 continetque
1639 350 1912 388 instructiones
1934 361 1975 386 u-

1026 406 1223 444 tilissimas
1240 406 1263 444 ¹.
1286 406 1452 446 Quidam
1477 405 1581 442 hunc
1612 404 1754 441 librum
1785 403 1972 452 scriptum

1026 460 1253 497 existimant
1273 458 1426 496 saeculo
1443 460 1629 505 sequente
1651 457 1698 494 ab
1715 456 1790 494 alio
1809 456 1968 500 Herma,

1026 513 1145 549 fratre
1168 512 1228 549 Pii
1244 524 1304 561 pp.
1322 512 1348 549 1.
1365 511 1567 556 Mosheim‚
1585 510 1826 556 Bruckerus,
1842 509 1968 557 iisque

1024 565 1180 609 similes,
1201 576 1366 614 quorum
1386 564 1551 601 interest
1571 563 1804 613 apostolicos
1826 563 1966 600 Patres

1025 619 1240 667 exagitare,
1262 619 1474 654 Pastorem
1502 618 1671 654 Hermae
1701 615 1966 666 petulantibus

1025 671 1198 709 censuris
1214 671 1535 720 perstrinxerunt.
1552 670 1710 715 Contra,
1730 680 1760 708 s.
1773 670 1974 715 Irenaeus,

1025 724 1226 773 Origenes,
1242 735 1270 762 s.
1283 724 1532 769 Athanasius,
1545 723 1690 771 aliique
1703 723 1845 761 Patres
1858 721 1969 759 illum

1024 789 1268 826 summopere
1289 777 1512 821 laudarunt,
1527 780 1566 813 et
1582 779 1736 813 veteres
1755 774 1970 814 Christiani

1026 831 1063 867 in
1083 831 1259 880 pluribus
1275 829 1448 867 ecclesiis
1467 829 1646 866 eumdem
1665 830 1749 878 post
1768 829 1903 866 Libros
1920 840 1971 866 ss.

1025 884 1219 932 legebant.
1237 883 1418 920 Gelasius
1434 883 1450 919 I
1466 882 1505 919 in
1526 883 1704 920 Romana
1718 882 1866 930 synodo
1883 893 1973 918 eum

1027 936 1259 985 apocryphis
1269 936 1472 985 scripturis
1488 935 1858 981 adnumeravit,non
1871 935 1973 983 quod

1028 990 1128 1027 foret
1148 989 1346 1027 doctrinae
1367 989 1520 1034 noxiae,
1535 989 1602 1026 sed
1619 988 1719 1036 quod
1735 991 1837 1025 esset
1853 991 1969 1025 extra

1027 1055 1218 1081 canonem
1250 1042 1458 1080 Librorum
1480 1042 1725 1079 'Divinorum
1743 1071 1752 1088 ,
1786 1041 1847 1078 cui
1885 1053 1972 1078 eum

1026 1097 1185 1145 quidam
1205 1096 1453 1133 inserendum
1475 1098 1662 1144 putarant
1676 1096 1702 1132 ².

1079 1150 1123 1187 In
1135 1149 1310 1187 maxima
1327 1161 1418 1187 vero
1431 1149 1710 1197 disceptatione
1723 1147 1890 1196 positum
1901 1147 1976 1193 est,

1026 1215 1118 1241 num
1138 1203 1309 1253 genuina
1328 1203 1406 1240 sint
1425 1214 1555 1251 opera,
1572 1213 1672 1250 quae
1693 1200 1975 1239 adscribuntur

1025 1268 1054 1295 s.
1076 1255 1263 1305 Dionysio
1292 1256 1565 1305 Areopagitae.
1588 1255 1704 1292 Hunc
1733 1266 1772 1292 se
1801 1254 1849 1291 ab
1879 1264 1975 1301 apo-

1026 1310 1124 1347 stolo
1154 1310 1299 1355 Paulo,
1319 1310 1358 1346 in
1389 1320 1581 1358 areopago
1611 1307 1843 1345 Atheniensi
1869 1318 1974 1355 prae-

1027 1363 1196 1409 dicante,
1215 1363 1263 1400 ad
1291 1363 1544 1400 christianam
1573 1361 1709 1399 Fidem
1739 1371 1971 1398 conversum

1027 1416 1206 1454 vidimus.
1225 1416 1370 1453 Postea
1386 1419 1539 1453 creatus
1555 1415 1628 1452 fuit
1638 1414 1840 1463 episcopus
1857 1413 1977 1451 eccle-

1025 1470 1106 1508 siae
1126 1469 1377 1508 Atheniensis
1393 1467 1420 1515 3,
1443 1469 1644 1518 vitamque
1667 1467 1855 1517 martyrio
1872 1467 1976 1504 clau·

1025 1523 1085 1562 sit.
1107 1524 1209 1560 Eum
1231 1524 1430 1561 diversum
1451 1534 1536 1559 esse
1557 1533 1581 1559 a
1601 1534 1631 1559 s.
1653 1520 1840 1570 Dionysio
1861 1519 1974 1558 Pari—

1025 1576 1165 1623 siensi,
1185 1576 1299 1614 hodie
1328 1575 1575 1614 consentiunt
1603 1575 1759 1612 eruditi.
1779 1574 1861 1612 Sub
1890 1574 1977 1611 eius

1027 1629 1182 1667 nomine
1199 1631 1339 1667 extant
1356 1629 1458 1674 libri,
1474 1628 1540 1677 qui
1560 1631 1790 1677 sequuntur:
1806 1628 1866 1665 De
1886 1638 1976 1665 coe-

1028 1684 1120 1721 lesti
1151 1683 1404 1728 hierarchia,
1431 1682 1492 1719 De
1522 1682 1792 1719 ecclesiastica
1811 1681 1976 1718 hierar-

1025 1736 1130 1780 chia,
1149 1736 1208 1773 De
1226 1737 1380 1773 divinis
1414 1734 1664 1779 nominibus,
1684 1735 1742 1772 De
1773 1734 1977 1782 theologia

1024 1790 1213 1838 mystica,
1229 1793 1268 1826 et
1278 1789 1489 1838 Epz'stolae
1501 1789 1632 1826 decem
1647 1787 1675 1826 ⁴.
1697 1788 1828 1829 Quum
1848 1787 1927 1824 iam
1948 1799 1973 1825 a

1026 1842 1081 1880 VI
1101 1842 1258 1880 saeculo
1278 1842 1419 1880 Patres
1446 1842 1587 1878 horum
1613 1852 1774 1889 operum
1796 1840 1978 1877 memine-

1025 1895 1117 1941 rint,
1133 1895 1311 1943 sequitur
1326 1907 1384 1941 ea,
1400 1894 1432 1932 si
1447 1906 1523 1931 non
1539 1905 1562 1931 a
1577 1906 1606 1932 s.
1618 1893 1819 1943 Dionysio,
1831 1893 1972 1931 saltem

1025 1948 1081 1986 IV
1102 1950 1171 1986 aut
1190 1948 1226 1986 V
1246 1948 1402 1986 saeculo
1421 1949 1470 1985 ab
1496 1950 1657 1985 auctore
1685 1947 1831 1985 incerto
1853 1946 1974 1984 fuisse

1028 2001 1247 2049 conscripta
1263 2000 1289 2039 ⁵.

1079 2054 1142 2092 55.
1155 2055 1390 2092 Persecute‘o
1406 2055 1480 2091 sub
1497 2054 1736 2091 Domitiano
1751 2051 1838 2104 (an.
1856 2053 1974 2101 93)—

1028 2107 1274 2146 Domitianus
1294 2108 1509 2157 imperator
1528 2108 1818 2153 Romanorum,
1838 2107 1974 2156 primis

1026 2161 1266 2210 principatus
1282 2161 1342 2199 sui
1358 2161 1468 2199 annis
1487 2161 1734 2198 clementiam
1745 2160 1824 2197 Titi
1839 2159 1972 2198 fratris

1024 2214 1086 2252 sui
1104 2213 1250 2252 imitari
1270 2214 1376 2252 visus
1394 2216 1464 2252 est.
1487 2215 1630 2252 Postea
1649 2214 1698 2252 ad
1717 2216 1869 2251 tantam
1889 2226 1973 2251 sae-

1027 2267 1163 2305 vitiam
1185 2268 1360 2314 descivit,
1381 2271 1424 2305 ut
1443 2279 1466 2305 a
1486 2267 1667 2305 Iuvenali
1687 2267 1832 2305 Calvus
1847 2267 1968 2313 Nero,

1025 2332 1048 2358 a
1068 2321 1204 2358 Tacito
1225 2320 1382 2358 Nerone
1403 2321 1558 2358 saevior
1577 2320 1697 2358 fuerit
1716 2320 1969 2369 cognomina-

1024 2376 1098 2412 tus.
1115 2374 1159 2411 In
1181 2374 1414 2412 christianos
1434 2376 1637 2412 cruentam
1657 2373 1967 2423 persecutionem

1024 2427 1225 2465 excitavit.
1248 2439 1270 2465 ‹<
1286 2427 1383 2465 Cum
1409 2428 1488 2465 iam
1514 2427 1665 2473 multa,
1685 2427 1811 2475 inquit
1838 2427 1968 2463 Euse-

1023 2481 1121 2526 bius,
1141 2481 1180 2517 in
1201 2481 1343 2518 multos
1372 2480 1615 2518 crudelitatis
1635 2492 1728 2518 suae
1758 2479 1968 2529 specimina

1024 2533 1208 2571 edidisset
1222 2533 1517 2583 (Domitianus),
1535 2546 1605 2571 nec
1619 2545 1762 2583 paucos
1780 2532 1967 2569 nobilium

1025 2591 1141 2635 atque
1161 2587 1372 2624 illustrium
1387 2588 1560 2625 virorum
1583 2588 1688 2624 urbis
1704 2587 1853 2623 Romae
1873 2585 1972 2623 iniu-

1021 2643 1079 2677 ste
1099 2640 1380 2687 interemisset,
1401 2641 1496 2678 alios
1517 2643 1719 2689 praeterea
1737 2639 1966 2676 innumera-

1021 2693 1118 2732 biles
1139 2705 1313 2731 summae
1334 2694 1536 2742 dignitatis
1559 2694 1661 2730 viros
1687 2693 1776 2729 licet
1796 2691 1969 2730 insontes

1024 2747 1140 2784 exilio
1169 2748 1209 2784 et
1233 2747 1421 2784 bonorum
1442 2746 1721 2796 proscriptione
1750 2745 1970 2792 multasset,

1065 2852 1075 2874 1
1093 2853 1181 2883 Extat
1195 2852 1288 2883 latine
1310 2852 1392 2891 apud
1409 2851 1669 2889 Coteler.,Patres
1684 2849 1830 2892 Apostol.
1845 2850 1899 2889 t.1;
1916 2851 1973 2881 Mi-

1024 2893 1243 2966 gng’elssalgiiode
1251 2893 1580 2980 cgodffyfidssssaiialtls
1598 2932 1639 2965 ad
1653 2932 1802 2966 Biblioth.
1820 2933 1970 2972 Patrum,

1023 2977 1097 3008 diss.
1114 2977 1164 3015 1v;
1180 2977 1277 3007 Natal.
1293 2975 1388 3014 Alex„
1404 2974 1483 3006 Htsc.
1498 2974 1572 3006 eccl.
1587 2984 1670 3008 saec.
1685 2976 1707 3015 l,
1722 2984 1748 3007 c.
1762 2974 1812 3015 12,
1825 2985 1852 3007 a.
1865 2975 1900 3014 93
1913 2975 1972 3006 Til-

1022 3019 1147 3055 lemont‚
1162 3017 1338 3054 Me'moirea
1355 3021 1372 3047 t.
1390 3017 1427 3054 II,
1442 3026 1471 3056 p.
1488 3015 1556 3047 ¹121.

1063 3060 1077 3081 3
1092 3059 1213 3096 Ευεεῦ.,
1229 3059 1316 3089 Hist.
1332 3056 1405 3089 eccl.
1422 3057 1441 3088 l.
1457 3058 1509 3096 III,
1527 3067 1552 3089 c.
1567 3056 1596 3089 4.

1062 3101 1076 3124 4
1092 3100 1180 3131 Edita
1203 3108 1315 3139 graece
1338 3102 1367 3130 et
1382 3099 1485 3137 latine,
1502 3101 1590 3131 Antv.
1606 3098 1696 3139 1634,
1713 3103 1743 3131 et
1758 3101 1862 3132 Venet.
1881 3099 1971 3138 1757,

1021 3143 1039 3173 ⁹2
1057 3142 1114 3173 vol.
1132 3141 1229 3172 in-sol.
1248 3142 1321 3172 ltem
1337 3141 1449 3180 Migne,
1465 3140 1589 3172 Patr-ol.
1607 3142 1654 3172 cit.
1671 3146 1689 3172 t.
1707 3141 1814 3173 III-IV.

1062 3185 1076 3206 5
1092 3183 1127 3214 Cf
1146 3183 1244 3213 Natat.
1266 3182 1360 3220 Alex,
1383 3181 1461 3213 Hisc.
1477 3182 1552 3214 eccl.
1568 3191 1650 3214 saec.
1666 3184 1688 3222 Ι,
1704 3183 1778 3214 diss.
1795 3182 1830 3221 23
1846 3184 1967 3214 Ronca-

1022 3225 1094 3297 glifi,
1110 3223 1341 3296 Anppgadvers„
1355 3224 1373 3254 l.
1391 3233 1434 3263 o.;
1449 3224 1541 3263 Berti,
1555 3223 1633 3256 Hisc.
1645 3233 1700 3256 seu
1715 3224 1883 3257 Disseruit.
1897 3224 1971 3256 eccl.
