2241 3473
535 139 663 170 VSQVE
694 139 746 166 AD
775 137 1075 166 PONTIFICA'PVM
1105 138 1136 166 S.
1157 138 1356 166 GREGORII
1387 139 1455 165 vn.

1842 128 1921 166 283

25 202 310 243 Hildebrandus
338 201 478 239 habuit
506 203 610 250 apud
631 202 821 248 Turones,
841 202 878 239 in
899 214 975 250 qua
1022 201 1137 247 filius,
1159 203 1278 240 abbas
1297 201 1518 240 Casinensis
1546 203 1586 239 et
1614 201 1661 239 R.
1685 200 1728 239 E.
1759 199 1976 238 Cardinalis

25 253 287 304 Berengarius
320 255 512 292 haeresim
547 267 659 292 suam
690 255 900 292 abiuravit.
931 255 974 291 In

25 309 161 347 eadem
188 308 337 356 synodo
365 307 562 345 Heni-icus
589 308 802 355 imperator
822 307 876 343 III
908 318 976 355 per

24 361 173 409 legatos
200 362 362 407 questus
393 364 464 404 est,
485 361 587 408 quod
616 359 885 397 Ferdinandus
905 371 975 396 rex

24 412 216 451 Castellae
236 417 276 449 et
296 413 491 461 Legionis,
511 416 648 450 contra
669 413 729 449 ius
751 423 974 459 moremque

24 465 232 510 maiorum,
248 477 386 502 nomen
404 465 651 514 imperatoris
668 464 739 501 sibi
758 466 975 511 arrogare&

24 518 162 555 Victor
184 519 253 566 Pp.
276 518 324 555 dc
345 530 392 555 ea
412 530 453 555 re
474 518 752 565 interrogatus,
773 516 976 553 mandavit

25 569 285 615 Eerdinantlo,
306 574 348 608 ut
368 582 507 607 nomen
527 570 774 618 imperatoris
800 568 975 605 dimitte-

24 625 107 669 ret,
127 624 231 671 quod
265 623 327 660 hic
360 636 381 660 e
415 633 618 671 procerum
652 621 813 658 consilio
836 620 929 658 fecit
951 619 976 658 ¹.

24 676 98 713 An.
130 675 232 713 1056
260 675 398 713 Victor
426 676 495 724 Pp.
530 674 722 722 synodum
760 673 976 721 cogendam

26 728 142 765 iussit
169 728 350 773 Tolosae,
378 728 427 765 ad
454 738 572 775 quam
602 726 686 763 vice
724 737 794 762 sua
832 725 977 762 direxit

28 780 290 818 Rambaldum
319 780 593 817 Arelatensem
622 781 661 815 et
699 778 882 814 Pontium
920 778 976 814 A·-

27 844 216 881 quensem
235 832 555 881 archiepiscopos.
577 831 620 867 In
641 842 687 868 ea
706 830 800 867 editi
820 832 910 867 sunt
932 830 978 866 13

27 896 194 923 canones
212 885 418 934 praecipue
446 885 583 921 contra
611 883 843 920 simoniacas
871 883 979 919 ordi-

29 938 220 983 nationes,
245 936 562 974 incontinentiam
597 935 841 982 clericorum,
873 935 980 972 adul·

29 989 179 1028 terinas
198 992 238 1028 et
255 990 422 1027 incestas
442 988 598 1036 nuptias
618 985 644 1026 ².

79 1043 124 1080 In
145 1042 332 1091 Hispania
351 1042 483 1086 etiam,
502 1041 541 1077 in
563 1052 639 1089 qua
658 1040 850 1088 principes
871 1039 977 1076 chri-

27 1094 146 1132 stiani
166 1094 361 1144 Legionis,
382 1093 590 1138 Castellae,
609 1092 831 1140 Aragoniae
850 1094 890 1129 et
903 1091 979 1129 Na-

26 1158 169 1185 varrae
191 1147 238 1185 de
256 1146 408 1185 Mauris
427 1146 528 1183 inter
549 1157 590 1182 se
611 1145 747 1182 divisis
768 1144 900 1193 plures
916 1144 979 1181 vi-

26 1200 169 1237 ctorias
196 1199 427 1245 retulerant,
446 1198 622 1247 finesque
651 1209 812 1236 suorum
833 1209 978 1246 regno-

26 1263 112 1289 rum
146 1251 416 1301 protulerant,
449 1250 718 1288 restituendae
749 1250 977 1299 disciplinae

26 1304 316 1343 ecclesiasticae
343 1304 615 1341 adlaboratum
649 1303 737 1340 fuit.
766 1304 840 1340 An.
877 1302 979 1340 1050

24 1356 305 1403 Fet-dinamus,
324 1368 394 1394 rex
411 1356 593 1405 Legionis
613 1358 653 1394 et
673 1355 878 1401 Castellae,
891 1367 979 1404 pro-

25 1420 133 1447 ceres
151 1409 434 1447 ecclesiasticos
462 1412 504 1446 et
530 1409 650 1446 laicos
671 1408 903 1446 convocavit
939 1409 979 1445 in

25 1464 154 1500 castro
168 1461 322 1511 Coyaco
348 1462 388 1499 in
418 1461 581 1499 dioecesi
603 1461 799 1499 Ovetensi.
816 1461 981 1499 Condita

24 1514 103 1552 illic
131 1517 223 1552 sunt
252 1515 300 1553 13
328 1515 515 1563 capitula,
534 1515 576 1551 in
605 1515 747 1563 quibus
774 1513 877 1550 inter
904 1513 980 1551 alia

25 1567 279 1605 constitutum
291 1566 430 1613 fuit,ut
443 1567 612 1616 episcopi
627 1578 713 1604 cum
730 1566 811 1604 suis
826 1566 980 1604 clericis

25 1619 286 1658 ministerium
323 1619 636 1657 ecclesiasticum
673 1619 845 1656 fideliter
882 1631 979 1656 exe-

25 1674 235 1720 querentur
253 1675 294 1711 et
312 1672 436 1710 vitam
455 1672 680 1710 canonicam
700 1673 902 1718 ducerent;
917 1673 981 1709 ab·

24 1725 135 1763 bates
153 1727 195 1763 et
213 1725 433 1764 abbatissae
452 1725 689 1762 monasteria
709 1727 893 1773 regerent
913 1736 979 1762 se-

25 1777 194 1815 cundum
213 1777 391 1827 regulam
421 1790 450 1815 s.
472 1777 674 1815 Benedicti
703 1780 743 1814 et
763 1789 832 1825 per
852 1777 981 1815 omnia

27 1830 173 1868 subditi
192 1833 321 1868 essent
345 1830 556 1879 episcopis3
575 1830 667 1867 laici
688 1830 834 1867 nullam
854 1830 894 1867 in
914 1842 979 1867 ec-

28 1882 164 1921 clesias
184 1883 245 1921 vel
265 1883 427 1921 clericos
455 1885 689 1932 potestatem
717 1885 980 1931 usurparent;

27 1936 188 1974 comites
219 1937 408 1985 populum
427 1936 500 1973 sibi
520 1936 738 1973 subiectum
767 1936 981 1973 secundum

28 1987 216 2026 iustitiam
231 1991 416 2038 regerent
431 2002 441 2035 3
470 2000 603 2027 omnes
619 1989 737 2026 fidem
751 1989 834 2037 regi
853 2000 980 2026 serva-

27 2043 129 2087 rent,
148 2052 219 2078 rex
235 2052 330 2078 vero
357 2042 566 2088 iustitiam,
586 2046 625 2079 et
640 2042 707 2090 qui
723 2042 822 2079 hanc
842 2041 982 2079 consti-

27 2093 217 2132 tutionem
238 2093 414 2143 fregerit,
426 2095 508 2132 sive
523 2105 593 2132 rex
604 2095 687 2132 sive
703 2106 845 2141 comes,
864 2094 981 2131 eccle-

27 2145 173 2183 siastici
188 2146 251 2184 vel
269 2146 358 2184 laici
379 2147 539 2192 ordinis,
559 2147 921 2185 excommunicatus
941 2149 981 2184 et

28 2198 219 2246 dignitate
235 2210 305 2236 sua
323 2200 530 2248 temporali
553 2201 731 2249 privatus
746 2201 848 2237 esset
863 2197 890 2238 ³.
905 2200 978 2237 An.

32 2250 132 2288 1060
147 2252 315 2300 episcopi
335 2252 360 2290 9
377 2254 650 2291 convenerunt
669 2253 838 2298 Iaccam,
859 2255 979 2289 vetu-

29 2305 129 2340 stam
142 2304 274 2341 urbem
286 2304 527 2351 Vasconum3
540 2306 753 2344 adfuerunt
769 2305 886 2342 etiam
902 2306 980 2342 Ra-

27 2355 152 2392 mirus
164 2367 234 2393 rex
250 2357 470 2405 Aragoniae
485 2358 642 2407 eiusque
658 2358 727 2395 filii
739 2361 777 2396 et
789 2369 978 2406 proceres.

28 2407 260 2445 Tractatum
293 2409 373 2446 illic
400 2409 477 2447 fuit
497 2412 543 2448 de
565 2411 824 2448 reformandis
857 2411 980 2448 mori-

29 2460 116 2505 bus,
144 2460 336 2498 bellorum
364 2463 538 2500 tumultu
568 2464 805 2512 depravatis3
825 2474 890 2500 res
911 2476 977 2501 ec-

29 2512 274 2550 clesiasticae
319 2516 528 2552 secundum
583 2516 774 2553 canonica
821 2516 980 2553 decreta

31 2566 285 2614 compositae3
305 2566 444 2604 ritibus
473 2568 646 2606 Gothicis
675 2568 876 2617 subrogati
895 2570 978 2607 Ro-

30 2617 149 2706 pmni,
169 2621 218 2692 et⁴
228 2620 339 2656 sedes
354 2619 581 2669 episcopalis
597 2622 699 2659 Osca
713 2621 907 2660 translata
922 2625 981 2659 est

49 2681 184 2707 accam
222 2699 231 2708 .

85 2722 172 2760 140.
183 2723 418 2771 Stephanus
428 2724 494 2761 IX
497 2726 586 2762 Pon
593 2726 696 2774 tifex
709 2725 794 2776 (cm.
808 2727 979 2773 1057)-

32 2773 193 2812 Victore
212 2775 284 2823 Pp.
305 2776 355 2821 II,
376 2775 420 2812 v⁰
440 2777 587 2816 calend.
603 2780 757 2828 augusti
780 2789 842 2818 an.
867 2780 980 2826 1057,

31 2826 258 2865 Florentiae
278 2828 461 2866 defuncto
470 2828 496 2875 ⁵,
514 2834 599 2878 post
614 2843 682 2868 sex
696 2832 790 2877 dics,
807 2833 978 2869 omnium

33 2890 111 2916 uno
139 2891 328 2918 consensu
358 2882 397 2918 in
427 2882 510 2918 eius
537 2883 665 2920 locum
693 2884 885 2922 suffectus.
907 2885 982 2922 fuit

31 2929 283 2979 Fridericus,
312 2934 537 2972 Gozzelonis
565 2935 671 2972 ducis
700 2937 980 2986 Lotharingiae

73 3049 83 3070 ¹
102 3050 217 3089 Labbc,
231 3049 352 3082 Concil.
370 3053 389 3080 t.
408 3050 456 3086 IX,
474 3059 503 3088 p.
522 3050 610 3080 1081.

72 3088 88 3110 ³
104 3091 175 3121 mm.
191 3099 221 3130 p.
240 3091 296 3121 108
306 3091 368 3121 ‡.-
385 3091 399 3113 ³
416 3091 492 3122 ibid.
511 3101 540 3130 p.
560 3090 646 3121 lom.

73 3130 87 3152 ⁴
102 3131 176 3161 ihm.
195 3141 222 3170 p.
242 3131 330 3162 1111.

74 3170 89 3192 ⁵
104 3171 214 3202 aaron.
232 3172 270 3203 acl
287 3181 337 3204 an.
357 3172 445 3211 1057,
463 3172 478 3212 ξ
493 3172 520 3203 9.

1021 254 1298 303 Presbytcrus.
1315 255 1431 292 Hunc
1452 254 1618 292 Romani
1641 264 1717 290 uno
1736 264 1871 290 omnes
1891 265 1976 290 con-

1019 307 1116 352 silio,
1133 319 1178 344 ac
1199 308 1403 345 voluntate
1424 307 1700 355 concordi,per
1728 305 1809 343 vim
1830 317 1881 343 ex
1898 305 1975 342 ho-

1020 359 1134 407 spitio
1155 360 1338 397 eductum
1359 360 1407 397 ad
1429 360 1471 397 B.
1486 359 1607 405 Petri,
1627 370 1725 406 quae
1746 358 1793 395 ad
1816 356 1977 395 vincula

1023 415 1284 460 nuncupatur,
1305 413 1517 450 Basilicam
1552 411 1782 460 perducunt.
1801 410 1876 459 Ubi
1892 410 1976 447 eius

1022 465 1267 502 vocationem
1288 465 1334 501 de
1356 464 1633 502 consuetudine
1650 462 1976 508 facientes¹‚Ste-

1023 516 1206 564 phanum,
1222 517 1403 565 quoniam
1424 517 1563 554 festum
1584 528 1614 554 s.
1635 515 1823 564 Stephani
1843 515 1976 563 Papae

1023 580 1068 605 co
1085 569 1145 606 die
1160 569 1449 614 celebrabatur,
1464 569 1651 618 appellari
1667 569 1893 606 decernunt.
1905 567 1978 605 Die
2001 598 2005 601 .

1023 632 1114 657 vero
1135 621 1258 659 altera
1278 622 1380 669 apud
1401 621 1445 659 B.
1464 621 1571 658 Petri
1594 621 1804 658 Basilicam
1824 618 1976 669 ingenti

1023 676 1255 711 cunctorum
1282 673 1435 711 laetitia
1468 685 1643 711 summus
1673 676 1713 710 et
1743 672 1978 710 universalis

1023 725 1206 762 Pontifex
1226 728 1490 764 consecratur.
1515 726 1552 763 Is
1572 725 1775 763 confestim
1797 725 1836 761 in
1857 725 1977 762 disci—

1023 777 1151 825 plinae
1181 778 1466 815 ecclesiasticae
1487 780 1527 815 et
1552 789 1704 815 morum
1725 776 1976 814 reformatio—

1023 841 1112 867 nem
1132 830 1322 876 incubuit3
1341 831 1450 868 novis
1463 830 1803 868 constitutionibus
1822 829 1978 866 clerico-

1022 894 1110 919 rum
1129 882 1453 920 incontinentiam
1475 885 1515 919 et
1529 883 1721 920 connubia
1741 884 1859 930 atque
1878 882 1979 919 ince-

1023 938 1103 972 stas
1137 935 1515 983 consanguineorum
1546 935 1701 984 nuptias
1729 934 1975 982 proscripsit3

1024 988 1185 1024 Petrum
1216 988 1418 1034 Damiani,
1448 988 1682 1024 monachum
1711 999 1740 1025 s.
1765 986 1901 1024 Crucis
1928 987 1977 1024 ad

1023 1042 1197 1076 montem
1230 1040 1484 1085 Avellanum,
1506 1040 1739 1085 sanctitate,
1761 1039 1978 1076 eruditione

1024 1094 1064 1129 et
1085 1092 1312 1141 disciplinae
1335 1093 1623 1132 ecclesiasticae
1651 1091 1780 1129 studio
1809 1091 1979 1138 clarum,

1023 1147 1175 1182 creavit
1194 1145 1445 1192 cardinalem;
1460 1146 1703 1194 Stephanum
1723 1143 1978 1190 cardinalem,

1023 1197 1267 1235 Desiderium
1296 1199 1479 1235 abbatem
1507 1198 1758 1235 Casinensem
1805 1197 1844 1232 et
1872 1196 1977 1233 Mai-

1026 1251 1190 1288 nardum
1211 1254 1346 1298 postea
1370 1251 1592 1299 episcopum
1613 1250 1747 1287 Silvae
1768 1247 1978 1295 Candidae,

1024 1303 1173 1352 legavit
1193 1303 1568 1352 Constantinopolim
1587 1301 1837 1340 cumvlitteris
1853 1301 1902 1338 ad
1912 1301 1981 1338 im-

1025 1358 1245 1403 peratorem
1267 1356 1378 1393 Isaac
1395 1356 1651 1402 Comnenum3
1667 1354 1980 1392 Hildebrandum

1025 1411 1064 1446 et
1084 1409 1246 1446 Petrum
1265 1408 1443 1447 Damiani
1465 1408 1685 1446 cardinales
1706 1409 1824 1455 atque
1847 1407 1981 1444 Ansel-

1026 1473 1133 1498 mum
1162 1461 1384 1510 episcopum
1414 1462 1632 1499 Lucensem
1661 1459 1812 1509 legavit
1830 1459 1981 1497 Medio-

1026 1514 1181 1561 lanum,
1205 1514 1269 1551 ubi
1290 1514 1524 1551 clericorum
1543 1512 1827 1551 incontinentia
1859 1515 1899 1549 et
1927 1512 1980 1549 si-

1027 1566 1156 1604 monia
1188 1567 1245 1605 ita
1273 1569 1388 1605 erant
1416 1579 1658 1613 communes,
1679 1567 1723 1603 ut
1742 1577 1772 1603 s.
1795 1564 1981 1603 Arialdus

1024 1619 1233 1657 canonicus
1245 1619 1430 1657 diaconus
1450 1620 1580 1669 palam
1600 1632 1621 1657 e
1639 1621 1823 1668 suggesto
1843 1618 1981 1655 contra

1025 1672 1102 1709 ista
1130 1672 1231 1709 vitia
1259 1672 1524 1710 invehendum
1555 1683 1638 1710 esse
1662 1672 1834 1709 duceret.
1854 1669 1980 1708 Huius

1024 1727 1158 1762 autem
1177 1725 1300 1763 sancti
1320 1725 1397 1762 viri
1416 1727 1456 1762 et
1475 1726 1694 1774 legatorum
1715 1723 1917 1762 Pontificis
1936 1734 1979 1759 o-

1026 1789 1119 1826 pera
1137 1778 1320 1815 effectum
1341 1779 1413 1824 est,
1430 1779 1474 1815 ut
1494 1777 1668 1826 plerique
1687 1776 1823 1815 fideles
1842 1787 1979 1825 pravo-

1024 1841 1110 1867 rum
1148 1831 1396 1868 sacerdotum
1434 1831 1673 1868 consortium
1716 1830 1902 1874 vitarent,
1941 1830 1980 1865 et

1025 1883 1201 1920 nonnulli
1229 1883 1362 1920 clerici
1390 1883 1515 1920 malos
1544 1894 1633 1921 suos
1660 1894 1788 1920 mores
1810 1880 1979 1930 corrige-

1021 1937 1121 1982 rent3
1135 1947 1225 1973 cum
1246 1947 1339 1973 vero
1362 1936 1430 1973 alii
1450 1935 1489 1972 in
1510 1947 1634 1985 prava
1654 1935 1737 1973 vita
1757 1936 1979 1984 pergerent,

1022 1988 1146 2026 tristis
1176 1988 1315 2026 divisio
1344 1988 1384 2025 in
1414 1988 1580 2026 ecclesia
1601 1987 1884 2026 Mediolanensi
1905 1998 1980 2023 ex-

1022 2043 1110 2078 orta
1129 2043 1202 2086 est,
1223 2053 1326 2090 quae
1347 2041 1523 2090 pluribus
1543 2041 1656 2078 annis
1677 2040 1847 2078 duravit.
1868 2039 1982 2076 Dein-

1023 2094 1069 2131 de
1090 2094 1316 2142 Stephanus
1337 2095 1409 2143 Pp.
1429 2094 1741 2131 Hildebrandum
1761 2093 1912 2142 legavit
1931 2092 1980 2129 ad

1024 2147 1222 2195 Agnetem
1243 2150 1468 2196 augustam,
1484 2159 1583 2195 quae
1604 2158 1673 2195 pro
1692 2146 1771 2183 filio
1791 2157 1862 2183 suo
1878 2145 1981 2182 Hen-

1023 2200 1104 2237 rico
1134 2200 1190 2238 IV
1218 2211 1384 2249 regnum
1413 2200 1650 2237 Germaniae
1685 2199 1980 2243 moderabatur3

1024 2252 1132 2302 prius
1152 2264 1245 2289 vero
1273 2264 1294 2289 e
1323 2252 1419 2289 cleri
1447 2252 1659 2302 populique
1687 2252 1855 2288 Romani
1888 2261 1981 2287 con-

1024 2316 1142 2343 sensu
1161 2305 1404 2352 decreverat,
1418 2310 1461 2343 ut
1476 2306 1507 2342 si
1528 2305 1601 2342 sibi
1613 2307 1704 2342 ante
1724 2302 1981 2341 Hildebrandi

1025 2358 1192 2395 reditum
1213 2358 1314 2395 mori
1335 2358 1585 2407 contigisset,
1605 2357 1764 2394 comitia
1782 2354 1981 2404 pontificia

1026 2422 1149 2459 usque
1183 2410 1233 2447 ad
1268 2410 1351 2448 eius
1385 2411 1598 2448 adventum
1641 2409 1981 2458 protraherentur.

1024 2464 1172 2512 Reipsa
1191 2463 1412 2512 Stephanus
1441 2464 1498 2500 IX
1526 2463 1632 2500 haud
1653 2462 1778 2499 multo
1798 2462 1897 2510 post,
1916 2459 1979 2496 1v⁰

1025 2516 1174 2553 calend.
1196 2516 1307 2564 april.
1328 2528 1388 2553 an.
1410 2516 1524 2562 1058,
1543 2515 1764 2552 Florentiae
1784 2513 1878 2550 obiit
1898 2511 1925 2550 ².

1081 2569 1167 2606 141.
1192 2569 1390 2605 Nz‘colaus
1411 2569 1458 2606 II
1472 2569 1671 2616 Pont2'seoe
1691 2567 1777 2617 (cm.
1801 2563 1979 2614 1058)—

1024 2622 1120 2658 Post
1138 2621 1327 2669 Stephani
1342 2622 1399 2658 IX
1420 2621 1568 2659 obitum
1585 2630 1793 2669 paucorum
1807 2617 1926 2655 factio
1940 2618 1979 2654 in

1025 2673 1135 2711 Petri
1149 2674 1377 2711 cathedram
1392 2674 1553 2711 intrusit
1570 2674 1756 2710 Ioannem
1774 2670 1979 2716 Mincium,

1025 2727 1249 2775 episcopum
1270 2726 1540 2771 Veliternum,
1570 2725 1636 2772 qui
1665 2723 1876 2772 assumpsit
1905 2735 1979 2760 no-

1026 2791 1114 2817 men
1142 2778 1413 2816 BenedictiX.
1445 2779 1574 2819 Quum
1604 2776 1750 2814 frustra
1770 2776 1979 2813 reclamas-

1025 2834 1111 2869 sent
1130 2831 1360 2876 cardinales,
1380 2834 1419 2867 et
1438 2829 1640 2876 Benedicti
1661 2828 1896 2866 ordinationi
1916 2840 1978 2876 op-

1025 2884 1245 2933 posuissent
1273 2895 1392 2931 supra
1420 2884 1588 2920 relatum
1609 2881 1799 2930 Stephani
1829 2881 1886 2918 IX
1907 2881 1977 2918 de-

1071 3013 1081 3033 ¹
1107 3013 1190 3042 Tunc
1226 3010 1334 3041 electio
1365 3008 1520 3039 pontificis
1551 3007 1615 3038 ficri
1647 3006 1768 3038 solebat
1799 3015 1855 3045 per
1884 3014 1980 3037 voca-

1027 3053 1156 3100 tionem,
1183 3055 1213 3083 et
1240 3049 1507 3086 acclamationem,
1535 3057 1597 3079 non
1626 3057 1681 3088 per
1707 3052 1861 3080 secretum
1888 3056 1981 3078 scru-

1026 3097 1154 3164 tm⁵²mliiio
1172 3133 1313 3168 ostiens„
1333 3131 1449 3163 Clzron.
1470 3130 1575 3163 Ccaein,
1592 3131 1610 3162 l.
1626 3130 1662 3170 ll,
1675 3139 1699 3161 c.
1718 3129 1772 3168 973
1788 3107 1980 3162 Baronius⁸et

1028 3176 1113 3214 Pagi,
1129 3174 1167 3205 ad
1186 3183 1232 3204 an.
1253 3172 1396 3204 1057-58.
