2241 3473
646 192 772 223 VSQVE
801 192 854 220 AD
885 190 1211 220 IANSENISTARVM
1238 194 1416 222 EXORDIA

81 265 248 302 Romam
282 259 387 298 misit
419 270 506 297 cum
540 257 679 296 litteris
712 257 760 295 ad
781 256 1018 295 Clementem

79 315 196 362 VIII,
215 315 254 352 in
275 314 413 362 quibus
434 311 625 356 Pontifici,
644 322 758 359 quem
781 309 1018 358 patriarcha-

79 380 168 408 rum
197 367 406 416 principem
435 365 667 416 appellabat,
687 363 897 413 perfectam
926 362 1019 399 sub-

79 421 282 460 iectionem
318 419 568 468 promittebat
601 418 791 464 fidemque
820 417 867 453 R.
890 415 1018 453 Eccle-

82 475 161 514 siae
182 474 220 512 in
241 473 416 510 omnibus
436 471 676 520 acceptabat.
699 469 883 506 Eamdem
905 468 1018 504 fidem

82 531 123 566 et
141 526 398 565 obedientiam
421 536 550 562 coram
572 523 761 560 Pontifice
782 526 821 559 et
836 521 1020 558 cardina-

83 581 183 619 libus
212 578 372 629 professi
403 581 492 616 sunt
520 576 650 625 legati.
682 575 960 612 Verumtamen
982 585 1020 610 u-

87 634 210 673 nionis
231 632 430 681 negotium
450 641 583 679 parum
606 629 767 665 durasse
790 625 979 663 videtin-¹.

136 686 199 725 63.
225 685 409 724 Ecclesia
435 684 703 732 Japoneyzs—
719 680 764 718 In
794 678 1021 717 vastissimis

82 739 200 778 Asiae
229 740 269 776 et
286 736 489 776 Annei-icae
510 734 648 772 insulis
677 732 812 781 religio
840 731 1018 769 christia-

86 805 137 830 na
172 802 315 840 magna
343 789 478 827 habuit
505 789 759 825 incrementa.
789 786 833 822 In
864 784 1021 833 Iaponia

86 848 173 895 post
199 857 228 883 s.
254 842 450 881 Francisoi
470 840 634 878 Xaverii
655 840 865 876 discessum
882 849 947 886 per
968 849 1024 874 re-

87 899 199 936 lictos
217 896 270 934 ibi
290 895 338 934 ab
357 907 402 932 eo
423 895 600 940 Iesuitas‚
621 903 814 940 novosque
835 891 893 928 his
913 901 1023 928 acce-

87 952 234 996 dentes,
254 948 508 997 Evangelium
529 949 786 996 propagatum
805 947 866 982 est
884 956 928 982 eo
945 955 1024 981 suc-

87 1015 217 1048 cessu,
246 1004 289 1040 ut
316 1001 355 1039 in
384 1002 466 1050 ipsa
494 999 645 1048 imperii
665 998 869 1047 metropoli
889 997 1024 1035 Meaco

87 1056 272 1095 ecclesiae
291 1057 331 1093 et
349 1055 502 1092 scholae
518 1052 753 1090 christianae
768 1051 1024 1100 erigerentur,

86 1113 125 1148 et.
143 1109 310 1147 nondum
331 1108 472 1156 elapsis
500 1107 551 1144 40
579 1106 690 1144 annis
712 1116 895 1141 numerus
911 1103 1026 1142 Chri-

88 1163 303 1201 stianorum
337 1161 545 1198 excederet
581 1158 772 1204 200‚000‚
805 1158 904 1195 inter
932 1168 1026 1204 quos

89 1227 214 1264 reges,
244 1214 373 1260 aulici,
403 1213 617 1251 belliduces
635 1211 778 1259 aliique
797 1223 818 1248 e
841 1210 1028 1247 nobilissi—

90 1269 162 1307 mis
198 1267 358 1306 familiis
393 1270 515 1304 erant.
554 1265 831 1302 Pontificatum
870 1265 1028 1312 gerente

89 1322 276 1370 Gregorio
305 1320 401 1357 XIII
428 1324 508 1357 tres
529 1318 720 1367 principes
743 1317 939 1354 christiani
964 1316 1029 1352 Ia-

90 1375 241 1424 poniae,
271 1373 452 1411 nimirum
480 1372 713 1409 Franciscus
737 1370 877 1419 Bongi,
897 1370 1031 1406 Prota-

91 1429 172 1467 sius
189 1427 349 1466 Arimae
378 1428 418 1463 et
439 1425 761 1463 Bartholomaeus
777 1423 946 1461 Omurae
963 1434 1032 1459 re—

92 1493 173 1531 ges,
192 1480 341 1530 legatos
360 1480 526 1517 Romam
547 1479 748 1522 miserunt,
767 1476 834 1525 qui
850 1475 1031 1513 Pontifici

92 1534 316 1582 obsequium
353 1531 515 1581 professi
548 1533 663 1576 sunt,
692 1530 843 1567 litteras
872 1541 1031 1566 suorum

92 1587 328 1637 principum,
357 1597 508 1623 summa
528 1583 777 1622 observantia
797 1583 943 1631 plenas,
964 1583 1030 1619 ob-

92 1641 293 1684 tulerunt,
327 1650 523 1687 novosque
562 1636 823 1674 missionarios
857 1635 1032 1684 postula-

96 1695 200 1731 runt.
229 1693 316 1742 Ipse
343 1693 553 1741 imperator
577 1690 822 1737 Nobunanga
843 1688 1031 1727 Christia-

94 1747 154 1785 nis
183 1756 394 1793 eorumque
426 1743 674 1782 missionariis
695 1742 876 1787 favebat,
895 1743 1035 1779 bonzos

96 1810 305 1847 eorumque
334 1797 560 1846 religionem
581 1796 769 1834 irridebat
789 1798 829 1833 et
844 1795 1036 1832 idolorum

96 1852 241 1901 templa
262 1851 407 1889 destrui
428 1850 687 1900 permittebat.

150 1906 246 1944 Post
271 1904 539 1952 Nobunangae
567 1906 730 1940 mortem
759 1901 896 1951 (1582)
916 1900 1036 1950 primo

97 1959 248 2009 imperii
269 1958 600 2008 procurationem,
621 1956 758 1993 deinde
778 1955 902 2004 ipsum
922 1955 1036 2002 impe-

98 2013 203 2051 rium
230 2011 433 2060 occupavit
461 2009 707 2047 Taikosama.
736 2008 809 2045 Hic
835 2009 953 2045 etiam
974 2007 1036 2044 ali-

101 2064 272 2114 quandiu
293 2062 522 2102 Christianis
542 2062 653 2109 favit,
673 2063 738 2100 sed
760 2063 892 2110 postea
906 2072 1036 2099 eorum

102 2129 285 2156 numerus
314 2116 496 2154 continuo
525 2127 703 2153 crescens
732 2118 904 2159 metum,
925 2125 1038 2162 quem

101 2171 211 2210 bonzi
230 2171 439 2219 augebant,
457 2169 497 2206 in
517 2180 564 2206 eo
583 2169 782 2214 excitavit,
805 2180 851 2205 ne
868 2167 1041 2216 aliquan-

105 2225 152 2262 do
172 2224 362 2272 Europaei
381 2235 452 2271 ope
472 2222 780 2259 Christianorum
799 2221 960 2269 imperio
981 2232 1042 2269 po-

106 2278 286 2315 tirentur.
307 2277 436 2318 Quare
463 2276 542 2313 iam
568 2287 628 2313 an.
652 2275 751 2313 1587
772 2274 914 2320 edixit,
934 2277 978 2310 ut
997 2285 1040 2310 o-

108 2342 215 2368 mues
231 2329 460 2368 missionarii
480 2329 636 2377 Iaponia
656 2328 899 2374 excederent3
915 2327 1043 2364 nullus

109 2383 329 2432 Iaponensis
356 2382 580 2430 religionem
601 2382 850 2419 christianam
880 2380 1045 2429 suscipe-

109 2438 182 2482 ret,
210 2437 250 2473 et
268 2434 575 2473 Christianorum
594 2435 777 2473 ecclesiae
798 2436 1044 2471 destrueren-

109 2491 187 2526 tur.
215 2487 448 2526 Missionarii
468 2499 671 2536 procerum
692 2487 934 2536 protectione
955 2487 1046 2536 poti—

113 2542 154 2586 ti,
174 2553 316 2590 magna
335 2552 383 2578 ex
402 2544 510 2588 parte
531 2541 568 2577 in
591 2541 752 2589 imperio
773 2541 873 2578 clam
890 2552 1045 2578 manse-

111 2598 214 2640 runt,
245 2593 419 2631 nonnulli
439 2605 589 2639 eorum,
609 2594 816 2643 pluresque
839 2593 1046 2632 Christiani

112 2647 310 2696 suppliciis
329 2646 460 2684 affecti
479 2650 579 2690 sunt,
601 2652 640 2684 et
655 2658 701 2684 ex
723 2647 796 2684 150
812 2647 982 2684 ecclesiis
998 2646 1047 2683 ΤΟ

112 2702 391 2738 concrematae.
409 2701 518 2737 Anno
542 2700 641 2737 1596
662 2700 906 2737 renovandae
926 2711 1049 2748 perse-

113 2755 256 2791 cutioni
287 2764 420 2790 ansam
451 2752 557 2789 dedit
585 2753 764 2791 incautus
793 2764 920 2790 sermo
941 2752 1048 2790 ducis

114 2807 315 2845 cuiusdam
338 2805 448 2843 navis
467 2804 721 2853 Hispanicae,
742 2805 967 2843 administro
983 2806 1049 2842 im-

114 2859 208 2910 perii
230 2858 395 2908 Iaponici
417 2858 590 2903 dicentis,
610 2870 741 2907 regem
762 2870 875 2896 suum
890 2858 1047 2896 immen-

114 2925 177 2951 sas
206 2916 330 2950 terras
358 2923 431 2949 non
457 2911 584 2948 minus
603 2912 914 2960 praedicatorum
934 2923 1049 2959 quam

115 2966 280 3004 militum
310 2977 379 3014 ope
404 2964 476 3002 sibi
494 2961 714 3002 subiecisse.
734 2964 843 3001 Tunc
862 2964 1050 3002 Taikosa-

117 3031 181 3056 ma
209 3029 341 3055 omnes
370 3017 631 3055 missionarios
660 3017 944 3065 comprehendi,
974 3018 1051 3066 plu-

118 3083 180 3109 res
200 3071 377 3116 interfici,
393 3071 558 3118 reliquos
575 3070 734 3119 imperio
750 3069 835 3106 eiici
853 3069 972 3108 iussit.
990 3071 1051 3108 Ex

161 3164 172 3186 ¹
189 3164 343 3199 Sacchini‚
359 3163 499 3194 Historia
522 3161 689 3194 Socielnlis
713 3161 798 3198 lesu3
816 3163 982 3201 Renaudot,
999 3163 1053 3194 Hi-

119 3205 223 3278 {ugia
233 3205 421 3287 ppaglggurch.
438 3203 611 3235 Alexandr.
629 3203 773 3242 lacebit,
797 3203 915 3244 Lamse,
931 3202 1050 3237 Cone-il.

211 3272 218 3286 j
258 3270 265 3278 Ι
321 3267 346 3277 -e

1872 179 1947 219 189

1062 255 1253 305 indigenis
1281 258 1506 297 christianis
1533 257 1636 295 haud
1665 254 1776 305 pauci
1804 255 1998 304 martyrio

1063 310 1190 348 affecti
1218 316 1330 359 sunt,
1359 313 1460 361 quod
1485 311 1703 349 constantia
1728 319 1818 347 vere
1844 309 2000 346 heroica

1064 363 1324 412 pertulerunt.

1115 420 1228 454 Auno
1250 417 1350 455 1598
1371 418 1562 455 exstincto
1590 417 1847 461 Taikosama,
1875 414 1997 463 impe-

1065 470 1165 507 rium
1185 470 1334 518 accepit
1353 470 1542 519 Fidejori,
1563 471 1644 508 eius
1664 470 1765 508 filius
1784 468 1908 507 adhuc
1935 467 2002 504 mi-

1065 523 1260 568 norennis,
1280 524 1352 560 sub
1381 524 1506 561 tutela
1527 523 1656 572 Ijejas.
1677 522 1884 561 Confestim
1905 520 2001 558 mis-

1065 576 1235 621 sionarii,
1256 577 1484 623 praesertim
1524 577 1710 621 Iesuitae‚
1731 587 1830 613 novo
1867 574 2004 612 ardore

1065 628 1290 677 colligendis
1319 629 1511 675 ecclesiis,
1538 628 1810 667 confirmandis
1829 627 2004 666 fidelibus

1065 685 1104 720 ct
1132 682 1403 720 convertendis
1418 682 1526 727 aliis,
1547 682 1826 720 adlaborarunt
1849 692 1894 718 eo
1913 691 2002 718 suc-

1066 746 1186 779 cessu,
1208 738 1251 771 ut
1269 735 1310 781 ii,
1330 735 1395 783 qui
1415 739 1529 772 antea
1547 735 1754 783 Evangelii
1774 734 1924 783 gratiae
1950 744 2007 770 re·

1066 788 1271 834 stiterant‚
1302 799 1402 825 nunc
1431 788 1649 826 constantia
1673 791 1713 825 et
1731 787 1918 836 patientia
1937 798 2006 823 eo-

1066 852 1173 887 rum,
1194 840 1259 889 qui
1280 841 1557 889 persecutionis
1577 843 1750 889 tempore
1770 840 2004 890 martyrium

1068 894 1168 943 passi
1189 897 1314 940 erant,
1335 894 1516 943 permoti,
1539 894 1675 931 Fidem
1694 893 1948 942 susciperent,
1968 895 2007 929 et

1069 949 1234 986 duorum
1273 959 1461 985 annorum
1504 946 1726 985 1599-1600
1763 947 1886 995 spatio
1920 946 2007 995 plus

1069 1012 1185 1050 quam
1201 1000 1252 1038 70
1273 1001 1395 1038 millia
1410 1000 1681 1049 Iaponensium
1697 1000 1891 1048 baptizata
1909 999 1987 1036 sint
1999 1027 2008 1043 ,

1071 1054 1278 1103 pluresque
1299 1055 1488 1091 ecclesiae
1507 1056 1711 1091 extructae
1725 1052 1749 1090 ¹.
1772 1053 1868 1090 Post
1887 1062 2007 1089 annos

1072 1119 1212 1156 paucos
1240 1107 1550 1155 persecutionem
1579 1107 1618 1144 in
1637 1105 1796 1155 Iaponia
1815 1105 2007 1143 instaura-

1070 1164 1151 1199 tam
1173 1160 1401 1198 videbimus.

1126 1214 1272 1251 Eodem
1291 1216 1466 1263 tempore
1486 1212 1640 1262 Religio
1661 1211 1872 1249 christiana
1890 1210 1929 1247 in
1948 1222 2012 1248 va·

1073 1267 1286 1306 stissimum
1307 1266 1515 1315 imperium
1534 1266 1714 1303 Sinarum
1736 1265 1828 1303 etin
1847 1275 2010 1312 regnum

1075 1321 1339 1359 Maduranum
1359 1320 1583 1358 introducta
1604 1319 1689 1366 fuit,
1711 1323 1754 1356 ut
1771 1317 1875 1356 infra
1894 1317 2012 1355 latius

1076 1374 1331 1412 narrabimus.

1126 1428 1189 1465 64.
1221 1427 1384 1477 Synoclz‘
1415 1429 1457 1464 z'n
1485 1427 1677 1464 Amerz'ca
1699 1445 1745 1452 —
1767 1424 1811 1461 In
1835 1423 2015 1461 America

1077 1481 1211 1529 religio
1240 1481 1452 1518 christiana
1490 1480 1698 1517 admodum
1737 1478 2012 1516 invalescebat.

1077 1535 1119 1571 In
1150 1534 1321 1572 Peruvia
1348 1534 1405 1571 ita
1432 1534 1622 1571 formatus
1651 1534 1736 1570 erat
1763 1531 2014 1569 ecclesiarum

1075 1590 1223 1632 status,
1247 1591 1290 1624 ut
1309 1599 1409 1624 anno
1433 1587 1533 1624 1582
1553 1586 1724 1635 synodus
1745 1584 1943 1622 celebrata
1964 1583 2016 1620 le-

1079 1643 1196 1690 gatur
1216 1640 1364 1685 Limae,
1384 1652 1485 1689 quae
1508 1643 1594 1677 erat
1613 1639 1805 1677 Peruviae
1825 1640 2015 1685 metropo-

1077 1695 1146 1741 lis3
1167 1694 1206 1730 in
1225 1706 1301 1742 qua
1321 1693 1427 1731 Fidei
1451 1694 1633 1742 dogmata
1647 1692 1808 1730 fuerunt
1822 1690 2018 1739 explicata

1079 1750 1117 1785 et
1155 1746 1360 1796 disciplina
1388 1747 1599 1795 composita
1627 1745 1836 1783 secundum
1864 1743 2017 1781 concilii

1079 1800 1296 1838 Tridentini
1328 1799 1572 1838 definitiones
1601 1802 1642 1837 et
1668 1796 1860 1836 decreta².
1882 1797 1975 1834 Post
1994 1797 2019 1834 3

1079 1865 1199 1892 annos
1220 1852 1359 1904 (1585)
1381 1854 1573 1903 synodum
1590 1852 1823 1890 celebratam
1838 1850 1955 1888 fuisse
1971 1850 2021 1887 le·
2048 1898 2050 1900 Ι

1079 1908 1206 1957 gimus
1234 1907 1273 1943 in
1303 1908 1479 1951 Mexico,
1509 1907 1569 1943 cui
1600 1909 1751 1955 praeter
1770 1903 2020 1952 archiepisco·

1081 1972 1172 2010 pum
1192 1960 1440 1998 Mexicanum
1459 1960 1725 1997 interfuerunt
1741 1957 1903 2006 episcopi
1921 1957 2022 1993 Gua-

1079 2014 1324 2061 temalensis,
1360 2012 1714 2059 Mechoacanensis,
1744 2009 2022 2054 Tlascalensis,

1081 2067 1359 2113 Iuoatanensis‚
1371 2067 1506 2105 Novae
1523 2066 1692 2103 Galiciae
1712 2077 1776 2103 seu
1792 2063 2023 2102 Guadalaia·

1082 2121 1205 2158 rensis
1224 2123 1263 2158 et
1283 2119 1598 2168 Antequerensis.
1624 2119 1667 2156 In
1687 2131 1734 2156 ea
1760 2119 1808 2155 ad
1831 2115 2022 2155 uniforme

1081 2177 1308 2222 rectumque
1328 2174 1581 2211 ecclesiarum
1609 2172 1782 2220 regimen
1814 2170 1926 2219 plura
1954 2170 2024 2206 de-

1083 2232 1190 2265 creta
1208 2227 1362 2264 condita
1381 2231 1490 2273 sunt,
1518 2226 1559 2263 in
1587 2226 1612 2264 5
1636 2226 1755 2263 libros
1775 2224 2023 2271 diversosque

1084 2280 1217 2318 titulos
1238 2281 1422 2318 distincta
1442 2279 1468 2318 ³.

1136 2334 1198 2372 65.
1233 2334 1419 2371 Urbanus
1449 2333 1533 2379 VII,
1553 2333 1774 2380 Greyorz‘us
1794 2329 1859 2367 XI
1868 2329 1908 2376 V,
1921 2329 2023 2366 Pon·

1089 2388 1215 2436 tz'fiees
1232 2386 1314 2436 (αη.
1335 2386 1573 2436 1590)-1n
1587 2385 1714 2435 nyti
1729 2385 1764 2422 V
1779 2385 1906 2421 locum
1924 2382 2024 2419 xvn⁰

1086 2441 1267 2478 calendas
1283 2441 1450 2478 octobris
1462 2452 1521 2477 an.
1543 2439 1642 2477 1590
1659 2439 1803 2475 electus
1820 2436 1892 2473 fuit
1909 2435 2027 2472 cardi-

1089 2494 1184 2531 nalis
1200 2494 1304 2531 Ioan.
1318 2494 1427 2542 Bapt.
1441 2491 1801 2540 Castaneus,patria
1814 2490 2026 2534 Romanus,

1088 2547 1153 2596 qui
1174 2559 1312 2584 nomen
1342 2546 1489 2584 Urbani
1514 2546 1587 2584 VII
1615 2544 1841 2592 assumpsit,
1871 2543 1937 2580 sed
1967 2541 2029 2579 die

1089 2600 1237 2637 decima
1247 2600 1365 2637 tertia
1381 2601 1429 2637 ab
1446 2599 1636 2636 electione
1657 2597 1762 2642 obiit,
1776 2595 1917 2633 aetatis
1937 2607 2030 2632 suae

1091 2665 1178 2690 ann.
1208 2653 1258 2690 70
1287 2653 1313 2690 ⁴.
1335 2652 1577 2701 Quapropter
1613 2651 1646 2688 ei
1676 2650 1784 2687 nonis
1816 2647 2030 2686 decembris

1094 2706 1278 2744 suffectus
1306 2705 1382 2743 fuit
1401 2705 1612 2754 Gregorius
1631 2703 1740 2748 XIV,
1759 2702 2030 2740 Mediolanen-

1092 2761 1156 2806 sis,
1185 2762 1301 2797 antea
1328 2758 1545 2808 appellatus
1574 2756 1759 2794 Nicolaus
1787 2755 2030 2792 Sfondratus.

1093 2813 1164 2850 Hic
1185 2824 1397 2862 paucorum
1419 2811 1611 2848 mensium
1638 2809 1762 2858 spatio
1782 2808 1905 2846 multa
1924 2809 1970 2846 de
1991 2820 2032 2846 se

1135 2916 1143 2938 ¹
1164 2917 1297 2951 emisset,
1314 2913 1455 2945 Histoire
1477 2911 1520 2943 du
1541 2911 1660 2952 Jap0n3
1679 2911 1870 2950 Charlevoix,
1893 2911 2034 2943 Histoire

1092 2960 1122 2989 et
1138 2956 1337 2997 description
1354 2954 1395 2985 du
1411 2953 1514 2994 ,Japnn
1525 2964 1533 2991 ;
1546 2954 1691 2990 Coi-(lara,
1704 2952 1855 2985 Historia
1868 2952 1936 2985 Soc.
1951 2954 2032 2984 Iesu.

1133 2998 1146 3020 '2
1162 2998 1317 3037 Spondan.
1335 2996 1372 3025 :id
1390 3005 1439 3026 an.
1459 2995 1544 3025 1583.
1557 2994 1611 3016 —3
1631 2995 1744 3033 Labbe,
1760 2996 1815 3026 loc.
1831 2995 1879 3026 cit.
1898 3005 1926 3033 p.
1944 2993 2032 3025 1192.

1134 3041 1146 3063 ⁴
1164 3039 1331 3070 (tumulavit
1354 3037 1433 3066 vitae
1456 3037 1576 3066 laudem
1601 3037 1761 3075 praeclara
1778 3045 1868 3067 murs.
1887 3037 1984 3067 Tanta
2001 3045 2034 3066 e-

1094 3083 1153 3112 nim
1172 3083 1224 3111 suit
1241 3081 1269 3109 in
1286 3079 1393 3109 morbo
1408 3079 1590 3115 constantia,
1606 3081 1635 3108 ut
1650 3078 1727 3108 diem
1742 3078 2035 3109 extremum-adesse

1098 3121 1293 3162 prospiciens
1308 3144 1315 3155 ,
1332 3119 1474 3151 Urbanus
1490 3144 1496 3156 ‚
1510 3128 1576 3148 euin
1595 3119 1674 3148 diem
1701 3119 1812 3150 salutis
1839 3119 2009 3158 appellaret
2028 3144 2035 3157 ‚

1097 3166 1219 3202 Dcoqne
1236 3162 1354 3201 gratias
1373 3160 1575 3199 ageret‚quod
1588 3171 1623 3190 eo
1640 3165 1776 3199 tempore
1794 3163 1965 3199 vocaretur,
1975 3169 2033 3200 quo

1096 3206 1132 3234 (le
1149 3207 1235 3245 gesto
1246 3201 1426 3233 l'onlilicalu
1441 3202 1574 3231 nonduin
1591 3206 1673 3233 esset
1689 3203 1837 3233 rationem
1850 3202 2033 3234 redditurus.

1096 3245 1298 3286 (Ll'bpondan.
1315 3243 1354 3274 ad
1370 3252 1417 3274 an.
1439 3242 1527 3280 1590,
1544 3242 1559 3282 ἓ
1575 3243 1622 3274 20.
