2241 3473
266 146 340 185 170

211 225 346 273 patum
376 220 468 266 fuit,
488 216 708 267 Hugonotis
736 214 944 260 concessit,
966 215 1009 249 ut
1035 214 1150 250 extra

214 277 327 314 urbes
346 284 474 312 sacros
493 273 720 314 conventus,
735 267 935 304 conciones
953 265 1129 314 publicas
1142 294 1151 310 ,

213 340 345 378 preces
360 326 501 364 habere
513 326 680 373 possent.
691 321 769 358 Ista
784 317 1154 368 reginaeindulgen-

215 382 271 420 tia
290 378 494 418 Catholicis
510 375 685 425 graviter
701 373 914 421 displicuit,
930 382 1053 420 neque
1069 370 1153 408 Hu-

215 434 377 483 gonotis,
388 432 425 468 in
442 430 523 467 dies
537 429 650 478 plura
664 429 703 464 et
717 425 895 475 aequalia
910 436 996 462 cum
1012 423 1088 461 illis
1104 424 1157 460 iu-

215 499 259 524 ra
275 484 530 535 poscentibus,
541 479 971 520 satisfaciebat.Eodem
986 476 1156 514 an.1562

216 538 437 577 Ludovicus
456 535 713 579 Borbonicus,
734 532 912 582 princeps
932 531 1156 575 Condaeus,

215 592 305 629 belli
331 590 454 628 civilis
473 589 678 626 classicum
701 586 850 624 cecinit.
872 583 1084 633 Hugonoti‚
1111 594 1156 619 eo

217 646 326 691 duce,
337 655 448 681 arma
464 638 990 690 capessiverunt‚Aureliam,
1004 636 1157 674 Retho-

218 709 385 747 magum,
403 696 656 744 Lugdunum,
676 694 864 738 Turones,
885 691 1060 739 aliasque
1082 689 1160 739 plu-

218 762 280 788 res
300 751 414 787 urbes
435 751 687 798 occuparunt,
706 746 745 783 in
767 746 906 794 quibus
926 755 1060 782 sacrae
1089 755 1159 780 ae·-

220 805 285 842 des
315 808 475 841 eversae
503 807 542 840 et
571 801 762 849 direptae,
783 799 972 847 imagines
1001 795 1158 834 confra-

221 861 326 904 ctae,
355 857 487 894 Ssrum
526 855 704 903 sepulcra
733 853 880 890 violata
907 855 946 889 et
974 851 1161 899 reliquiae

221 913 383 949 exustae
421 911 521 947 sunt.
561 907 846 946 Catholicorum
887 905 1005 942 duces
1047 906 1161 941 erant

220 963 450 1003 Franciscus
470 964 549 999 <lux
565 960 735 1006 Guisius,
751 960 884 997 Annas
900 958 1160 996 Montmoren-

222 1018 301 1055 tius
321 1017 508 1066 magister
536 1015 711 1064 equitum
740 1016 779 1051 et
798 1012 990 1050 Antonius
1011 1011 1162 1048 Borbo-

223 1072 332 1108 nicus
357 1082 429 1107 rex
445 1069 668 1114 Navarnae,
688 1078 739 1104 ex
767 1067 966 1115 hugonete
995 1064 1161 1101 catholi-

224 1135 304 1162 cus.
321 1123 451 1162 Multa
470 1121 617 1172 praelia
638 1120 842 1158 commissa
863 1119 1040 1164 fuerunt,
1060 1117 1163 1154 inter

225 1189 326 1226 quae
360 1177 574 1215 celebriora
602 1177 695 1212 sunt
723 1174 917 1211 Drocense
947 1184 1008 1209 an.
1042 1170 1165 1216 1562,

226 1230 627 1280 Dionysiopolitanum
639 1227 754 1273 1567,
766 1227 994 1264 Iarnacense
1011 1226 1050 1262 et
1061 1223 1167 1264 Monz

227 1284 471 1322 centuriense
494 1282 605 1320 1569.
623 1282 693 1319 His
714 1280 868 1330 praeliis
884 1279 977 1317 victi
995 1278 1164 1327 quidem,

228 1338 295 1376 sed
331 1349 404 1375 non
434 1336 568 1374 domiti
603 1335 763 1373 fuerunt
800 1333 977 1371 rebelles.
1007 1331 1167 1369 Interim

230 1391 365 1440 regina
384 1393 511 1428 mater
539 1389 696 1437 saepius
722 1386 964 1425 concordiam
993 1385 1095 1422 inter
1126 1397 1170 1421 u-

229 1446 411 1493 tramque
440 1445 591 1492 partem
617 1452 847 1490 componere
866 1439 1048 1476 tentavit.
1071 1437 1170 1474 Plu-

231 1510 292 1536 res
319 1498 425 1547 pacis
452 1498 645 1534 t-ractatus
674 1495 768 1532 editi
798 1495 917 1540 sunt,
946 1493 1012 1530 sed
1042 1490 1170 1528 neutri

231 1553 334 1602 parti
362 1551 408 1588 iis
436 1550 557 1588 fiebat
579 1549 686 1586 satis.
707 1550 821 1586 Anno
842 1558 935 1584 vero
954 1545 1068 1591 1570,
1090 1549 1174 1594 post

231 1604 583 1655 praeclarissimam
603 1602 705 1651 apud
725 1599 1040 1639 Monconturium
1056 1599 1093 1635 in
1111 1598 1174 1635 Pi-

233 1659 410 1696 ctonibus
431 1657 650 1702 victoriam,
668 1668 689 1693 a
704 1653 914 1693 Catholicis
930 1654 975 1690 de
994 1653 1175 1702 Hugono-

233 1712 284 1750 tis
313 1712 498 1756 relatam,
519 1721 642 1748 novus
670 1710 775 1758 pacis
794 1710 990 1745 tractatus
1010 1707 1046 1743 in
1068 1706 1176 1754 regio

235 1765 398 1803 concilio
415 1764 614 1802 confectus
631 1766 701 1809 est,
717 1762 780 1811 qui
802 1773 831 1800 s.
844 1761 958 1798 Pium
970 1759 1005 1797 V
1019 1758 1178 1809 pontifi-

237 1831 317 1856 cem
335 1822 375 1856 et
394 1817 613 1856 Catholieos
633 1817 798 1853 multum
819 1814 1080 1852 contristavit.
1104 1814 1182 1850 Per

238 1872 355 1910 istum
368 1872 470 1909 enim
486 1874 697 1908 tractatum
710 1872 865 1919 praeter
881 1868 1180 1917 praeteritorum

241 1925 474 1964 oblivionem
490 1923 702 1962 calvinistis
718 1933 898 1960 concessa
912 1923 1003 1958 sunt
1017 1921 1182 1958 liberum

241 1979 438 2027 religionis
457 1989 550 2015 suae
571 1977 826 2021 exercitium,
847 1975 990 2012 iurium
1011 1973 1182 2011 civilium

243 2044 330 2070 cum
349 2031 554 2069 Catholicis
573 2030 802 2079 aequalitas,
822 2028 989 2066 facultas
1008 2028 1185 2064 omnibus

243 2086 467 2124 muneribus
487 2084 648 2132 publicis
663 2083 861 2131 fungendi,
879 2085 919 2119 et
934 2085 1101 2130 quatuor
1121 2092 1185 2118 se-

245 2139 422 2177 curitatis
441 2138 632 2183 civitates,
654 2137 836 2174 nimirum
858 2135 1038 2183 Rupella,
1054 2134 1188 2172 Mons-

247 2192 409 2231 albanus
423 2221 432 2238 ,
453 2192 645 2229 Conacum
667 2193 706 2227 et
726 2190 904 2228 Charitas
926 2187 950 2226 ¹.

299 2244 517 2295 Hugonotis
547 2244 696 2281 Galliae
730 2255 839 2292 opem
871 2243 1068 2291 potentem
1098 2240 1190 2279 tulit

250 2300 397 2338 Ioanna
435 2297 637 2342 Albretia,
673 2297 808 2346 regina
836 2295 1059 2341 Navarrae,
1090 2306 1188 2343 quae

251 2365 330 2391 una
363 2363 450 2389 cum
485 2351 651 2400 coniuge
680 2362 749 2387 suo
778 2349 945 2388 Antonio
974 2348 1190 2386 Borbouico

251 2406 513 2445 calvinianam
539 2404 765 2453 religionem
780 2432 789 2449 ,
808 2403 945 2440 relicta
975 2402 1189 2447 catholica,

251 2463 500 2508 susceperat,
529 2458 595 2495 sed
624 2457 753 2495 mariti
783 2456 1077 2493 conversionem
1109 2455 1192 2492 eius

253 2525 330 2552 non
345 2515 404 2551 est
418 2513 591 2557 imitata3
613 2515 761 2556 contra,
780 2509 904 2546 filium
923 2520 1035 2546 suum
1050 2508 1191 2546 Henri-

253 2579 366 2612 cum,
386 2567 599 2615 principem
620 2562 906 2608 Beneharniae,
927 2563 973 2599 ad
1004 2561 1191 2600 haeresim

255 2620 563 2669 amplectendam
591 2623 632 2655 et
649 2617 791 2655 bellum
819 2620 955 2653 contra
975 2615 1194 2653 Catholicos

256 2674 406 2711 Galliae
427 2672 733 2722 prosequendum
754 2670 963 2715 excitavit,
983 2669 1195 2706 catholicos

258 2727 589 2765 Beneharuienses
605 2724 736 2764 multis
751 2723 873 2761 modis
888 2723 1062 2768 vexavit,
1073 2733 1194 2759 sacer-

259 2781 368 2818 dotes
386 2784 425 2818 et
445 2780 651 2817 monachos
670 2777 796 2822 eiecit,
817 2775 1032 2825 Religionis
1053 2776 1193 2812 catho-

259 2833 358 2871 licae
373 2833 603 2871 exercitium
616 2833 652 2870 in
667 2830 769 2870 omni
780 2828 1196 2878 Beneharniaproscri-

260 2888 348 2937 psit.
370 2887 474 2924 Obiit
494 2899 593 2924 anno
618 2885 728 2923 1572.

313 2940 377 2978 40.
400 2942 503 2978 Pius
529 2940 597 2977 IV
612 2939 808 2987 Pontifex
824 2935 910 2987 (an.
930 2935 1047 2986 1559)
1065 2958 1113 2962 —
1131 2935 1196 2973 In·-

262 2996 370 3032 terea
409 2994 529 3031 Paulo
564 2993 617 3031 IV
657 2995 809 3031 mortuo
831 3020 841 3036 ,
881 2992 992 3027 nocte
1027 2989 1198 3038 sequenti

263 3047 362 3085 diem
393 3047 533 3085 Christi
564 3047 718 3084 Domini
747 3043 949 3090 Natalem,
970 3042 1201 3088 ann01559‚

264 3113 307 3138 su
316 3113 415 3138 mmo
424 3099 684 3138 Cardinalium
703 3110 889 3137 consensu
905 3096 1082 3147 pontifex
1097 3107 1202 3133 erca-

309 3182 319 3203 ¹
338 3160 692 3214 iit-icarfcommentar.
716 3181 733 3214 l,
754 3180 866 3220 22-293
882 3181 1054 3219 romanon,
1073 3177 1201 3212 collect.

268 3224 358 3257 edict.
376 3233 439 3263 req.
456 3228 476 3256 t.
493 3225 538 3256 lv.

825 149 982 177 EPOCHA
1009 148 1064 175 XI.
1093 148 1146 175 AB
1173 148 1308 175 INI'I'IIS
1335 147 1510 174 LVTHERI
1544 156 1547 157 ⁷

1194 214 1257 249 tus
1275 211 1350 248 fuit
1368 211 1532 248 Ioannes
1552 210 1726 259 Angelus
1745 209 2134 258 MedieeusMedio-

1193 264 1376 310 lanensis,
1396 263 1602 313 presbyter
1622 263 1842 311 cardinalis,
1863 265 1925 302 vir
1945 266 2075 302 aetate
2094 264 2135 301 et

1196 330 1266 355 usu
1289 317 1438 363 doctus,
1454 317 1517 366 qui
1539 317 1610 353 sub
1632 317 1784 354 nomine
1800 318 1861 355 Pii
1881 318 1936 356 IV
1955 317 2017 355 die
2035 316 2136 355 festo

1197 370 1437 420 Epiphaniae
1458 371 1665 407 coronatus
1685 373 1743 408 est
1757 400 1765 416 ‚
1785 376 1903 420 atque
1922 370 2134 409 Ecclesiam

1197 425 1302 461 rexit
1331 435 1450 472 usque
1480 423 1529 460 ad
1558 435 1702 460 annum
1726 423 1837 462 1565.
1866 424 1904 462 Is
1932 423 2137 462 concilium

1197 477 1495 523 Tridentinum,
1517 488 1584 525 per
1613 488 1735 514 annos
1763 475 1844 514 fere
1867 476 1914 514 10
1941 477 2138 514 intermis-

1198 542 1296 577 sum,
1317 531 1565 576 instauravit,
1592 530 1686 567 data
1719 530 1788 568 111⁰·
1809 529 1956 568 calend.
1977 530 2134 568 decem·

1197 584 1279 622 bris
1304 581 1403 622 1560
1423 583 1532 620 bulla
1547 583 1614 621 Ad
1629 583 1834 622 Ecclesiae
1849 584 2140 632 regimmqua

1198 637 1296 674 illud
1316 637 1355 674 in
1381 637 1558 685 proximo
1577 636 1803 674 Dominicae
1830 635 2142 674 Resurrectionis

1200 690 1299 728 festo
1320 690 1497 728 Tridenti
1527 690 1801 728 resumendum
1829 689 1992 736 indixit,
2009 699 2143 727 omnes

1202 743 1467 793 patriarchas,
1487 743 1686 792 episcopos
1705 744 1877 792 aliosque
1898 743 1965 792 qui
1987 743 2034 780 de
2058 742 2143 779 iure

1203 799 1271 835 aut
1290 797 1567 835 consuetudine
1589 796 1752 844 concilio
1773 797 1962 834 interesse
1981 795 2144 842 debent,

1204 852 1252 889 ad
1271 850 1365 888 illud
1387 850 1590 896 evocavit3
1611 862 1722 899 reges
1747 861 1901 899 quoque
1930 851 1970 895 et.
1996 848 2144 898 prinei—

1204 916 1284 954 pes,
1299 905 1419 941 etiam
1439 903 1687 950 acatholicos,
1703 905 1752 941 ad
1768 904 1870 941 idem
1890 901 2094 948 invitavit,
2108 903 2148 939 et

1204 969 1342 995 novem
1367 958 1602 995 sessionibus
1621 957 2006 1002 absolutum,emisso
2022 954 2147 1004 diplo-

1206 1016 1322 1059 mate,
1339 1011 1598 1048 confirmavit.
1620 1011 1864 1060 Approbavit
1892 1009 2012 1048 etiam
2041 1008 2149 1047 Indi-

1205 1076 1287 1102 cem
1324 1064 1511 1102 librorum
1553 1064 1601 1101 ab
1635 1064 1784 1102 selectis
1817 1063 1989 1101 eiusdem
2015 1062 2148 1100 Occu-

1206 1118 1347 1156 menici
1376 1117 1530 1155 concilii
1563 1117 1749 1156 Patribus
1778 1117 2008 1163 confectum.
2040 1114 2151 1158 Insti-

1206 1173 1283 1210 tuit
1311 1171 1663 1222 Congregationem
1688 1174 1774 1209 octo
1796 1169 2073 1216 Cardinalium,
2088 1167 2152 1217 qui

1208 1225 1380 1263 eiusdem
1418 1226 1556 1275 synodi
1594 1224 1752 1263 decreta
1788 1223 2010 1262 executioni
2049 1232 2154 1260 man-

1208 1279 1335 1317 danda
1372 1282 1577 1326 curarent,
1615 1290 1828 1327 eorumque
1857 1277 2154 1327 interpretatio-

1209 1345 1257 1370 ne
1290 1333 1361 1370 sibi
1395 1336 1598 1370 reservata
1617 1333 1752 1379 edixit,
1772 1333 1965 1369 intentato
1985 1329 2154 1368 anathe-

1212 1388 1314 1424 mate
1327 1415 1336 1432 ‚
1357 1398 1403 1423 ne
1424 1386 1508 1434 quis
1532 1386 1572 1423 in
1594 1398 1640 1424 ea
1659 1387 1792 1423 ederet
1811 1383 2110 1423 commentarios
2129 1381 2153 1420 ¹.

1212 1439 1458 1478 Ferdinando
1478 1440 1518 1487 Ι,
1538 1440 1598 1477 cui
1625 1439 1787 1478 Carolus
1806 1438 1842 1476 V
1863 1450 1924 1476 an.
1949 1437 2050 1476 1556
2081 1437 2157 1474 im-

1214 1493 1367 1543 perium
1384 1497 1568 1539 cesserat,
1583 1493 1726 1542 quique
1746 1505 1769 1529 a
1789 1491 2034 1541 septemviris
2053 1502 2159 1528 rece-

1216 1550 1315 1596 ptus,
1335 1558 1435 1584 anno
1460 1546 1559 1584 1558
1574 1543 1830 1585 Francofurti
1848 1545 1978 1583 fuerat
1995 1545 2161 1593 inaugu-

1216 1603 1347 1646 ratus,
1376 1600 1603 1648 dignitatem
1631 1599 1872 1649 imperialem
1901 1597 2160 1636 confirmavit.

1220 1653 1511 1702 Sigismundum
1533 1665 1665 1703 regem
1688 1653 1887 1699 Poloniae,
1906 1653 1946 1690 in
1965 1663 2042 1701 qua
2062 1652 2162 1689 hae-

1220 1707 1333 1744 retiei
1360 1706 1482 1744 libere
1511 1708 1701 1757 agebant,
1728 1709 1768 1744 et
1796 1706 1995 1756 episcopos
2023 1703 2164 1745 litteris

1222 1761 1425 1807 excitavit,
1442 1765 1485 1798 ut
1505 1773 1662 1799 causam
1680 1760 1791 1798 Fidei
1809 1760 1997 1798 adversus
2016 1758 2164 1796 novita-

1222 1818 1279 1852 tes
1317 1813 1471 1852 fortiter
1500 1818 1673 1864 agerent.
1703 1813 2017 1852 Maximilianum
2034 1822 2166 1861 regem

1223 1868 1445 1914 Bohemiae,
1465 1869 1505 1906 in
1527 1869 1621 1906 Fide
1641 1868 1911 1913 fluctuantem,
1931 1878 2000 1916 per
2021 1864 2166 1904 doctis-

1224 1923 1364 1959 simum
1385 1922 1559 1969 Hosium,
1576 1921 1798 1972 episcopum
1814 1921 2113 1966 Warmiensem,
2128 1918 2168 1956 in

1225 1976 1359 2013 eadem
1389 1975 1649 2013 confirmavit.
1678 1975 1721 2012 In
1745 1974 1940 2021 Amerina,
1955 1975 2170 2023 propagata

1225 2029 1344 2066 latius
1372 2029 1563 2066 catholica
1581 2029 1677 2076 fide,
1697 2040 1818 2065 novos
1846 2027 2091 2077 episcopatus
2117 2026 2170 2063 in-

1227 2083 1371 2129 stituit,
1386 2094 1481 2131 quos
1501 2082 1683 2132 congruis
1702 2081 1881 2120 subsidiis
1901 2079 2064 2118 donavit
2082 2078 2172 2118 Phi-

1227 2136 1355 2185 lippus
1375 2137 1412 2173 ΙΙ
1433 2148 1502 2174 rex
1522 2136 1746 2185 Hispaniae.
1767 2135 1810 2172 In
1833 2133 2012 2180 Camsas,
2033 2133 2172 2171 deces-

1228 2190 1326 2227 soris
1346 2190 1404 2227 sui
1425 2191 1673 2239 propinquos,
1689 2189 1737 2226 ab
1756 2188 1838 2237 ipso
1850 2187 1976 2226 Paulo
1987 2188 2058 2236 Pp.
2077 2186 2173 2224 urbe

1230 2243 1394 2289 eiectos,
1414 2248 1597 2292 tanquam
1620 2242 1745 2280 laesae
1775 2241 1987 2279 maiestatis
2013 2243 2054 2278 et
2080 2249 2173 2290 per*-

1232 2296 1439 2334 duellionis
1468 2308 1553 2335 reos
1597 2307 1733 2334 severe
1764 2294 2054 2332 animadvertit.
2079 2293 2174 2332 Con-

1231 2350 1453 2387 stitutiones
1492 2349 1622 2387 varias
1652 2361 1720 2398 pro
1749 2349 1879 2386 curiae
1907 2351 1947 2385 et
1974 2346 2171 2386 conclavis

1233 2403 1506 2441 reformatione
1526 2403 1646 2441 edidit
1662 2402 1688 2442 ².
1709 2402 1876 2441 Mortem
1895 2401 1991 2440 obiit
2018 2400 2172 2440 biennio

1274 2510 1282 2530 ¹
1299 2508 1459 2546 const.81‚
1472 2508 1516 2548 p.l
1529 2508 1536 2539 i
1550 2508 1569 2541 i.
1587 2511 1603 2538 ι.
1615 2506 1798 2538 elimitans
1814 2507 1885 2538 Pius
1894 2508 1972 2549 Pp.v
1985 2507 2178 2539 confirmavit

1234 2554 1262 2581 et
1279 2550 1434 2590 ampliavit
1448 2550 1625 2581 facultatem
1644 2549 1731 2579 huius
1749 2549 2133 2589 Congregationis.sixius
2146 2549 2177 2587 V,

1235 2594 1337 2623 Consi.
1356 2591 1403 2629 74,
1417 2592 1514 2622 eidem
1533 2591 1770 2630 ‹tongi-egationi
1796 2594 1976 2630 potestatem
1993 2589 2067 2622 feeit
2082 2591 2174 2621 etiam

1234 2634 1470 2673 interpretandi,
1487 2633 1539 2664 sed
1557 2642 1593 2663 ea
1610 2633 1778 2669 dumtaxat,
1793 2641 1872 2672 quae
1896 2633 1934 2663 ad
1959 2632 2173 2664 formationem

1236 2685 1364 2708 morum.
1383 2685 1440 2705 nou
1459 2685 1538 2714 quac
1555 2675 1592 2704 :ul
1611 2683 1701 2704 sacra
1729 2674 1873 2714 dogmata
1892 2674 2081 2713 pertinerent
2094 2673 2174 2713 (Vid.

1236 2718 1341 2756 chcri
1359 2718 1551 2756 Van-Espcn,
1563 2714 1934 2755 lusnccle.5iastic11rn,p.
1952 2716 1972 2754 1,
1986 2715 2029 2746 lit.
2046 2714 2106 2754 22;
2121 2715 2184 2746 Fa-

1238 2767 1350 2798 gmuo,
1371 2757 1546 2790 Commeat.
1565 2756 1663 2788 iri-1¹¹·
1680 2760 1764 2797 part.
1784 2756 1792 2786 1
1815 2756 1867 2787 lib.
1887 2756 2030 2792 Dect-eh).
2052 2756 2184 2788 Benedi-

1237 2805 1303 2831 ctus
1315 2801 1376 2831 xlv
1389 2809 1443 2839 per
1460 2801 1575 2830 litteras
1591 2800 1618 2829 in
1638 2802 1734 2831 forma
1747 2798 1856 2830 Brevis
1872 2799 1941 2829 huic
1958 2798 2182 2839 congregatio-

1240 2843 1267 2872 ni
1286 2842 1369 2872 ‹ledit
1385 2842 1560 2873 facultatem
1578 2841 1733 2873 scribendi
1751 2841 1870 2871 nornine
1889 2841 2000 2878 Papae.

1280 2883 1292 2904 2
1309 2884 1456 2923 Rayuald.
1479 2886 1508 2913 et
1525 2883 1681 2922 Spondan.
1705 2882 1743 2913 ad
1767 2891 1817 2913 an.
1835 2879 1978 2914 1559-65.
2000 2881 2042 2912 De
2057 2889 2184 2913 succes-

1240 2935 1311 2956 sore
1329 2926 1392 2955 vius
1407 2924 1551 2963 eligendo
1575 2926 1602 2955 iu
1621 2925 1769 2960 Concilio,
1792 2923 1895 2954 subdit
1910 2922 2087 2962 Raynaitlus
2110 2922 2180 2957 (loc.

1241 2968 1313 3003 cit),
1331 2967 1399 2997 vius
1417 2966 1454 2996 lv
1472 2968 1560 3002 cavit,
1579 2976 1615 2997 nc
1632 2967 1704 2997 aiibi
1722 2974 1812 3005 quam
1827 2965 1940 2995 Romae
1953 2966 2093 2995 summus
2112 2963 2188 2994 Pon-

1243 3010 1310 3039 tifex
1340 3014 1514 3046 crearetur,
1531 3017 1604 3039 neve
1628 3009 1666 3039 ab
1690 3008 1778 3044 aliis,
1802 3015 1892 3046 quam
1915 3015 1933 3036 a
1955 3005 2189 3042 Cardinaubus,

1244 3060 1337 3090 penes
1355 3059 1432 3090 quos
1451 3055 1566 3081 tantum
1583 3054 1663 3081 esset
1677 3051 1723 3080 ius
1734 3047 1908 3079 Pontificem
1925 3047 2190 3088 eligendffledin-

1245 3097 1364 3131 tegi-aia
1388 3092 1512 3130 insuper
1535 3092 1603 3130 lege
1627 3091 1687 3121 laia
1712 3100 1727 3120 a
1745 3088 1902 3120 Bonisaeio
1921 3088 1953 3126 ΙΙ,
1976 3088 2132 3127 decrevit,
2153 3090 2188 3121 R.

1245 3132 1419 3163 Pontificem
1436 3142 1494 3163 non
1513 3142 1608 3171 posse
1631 3133 1689 3163 sibi
1707 3135 1920 3161 successorem
1937 3129 2067 3171 eligere,
2084 3138 2184 3171 neque

1244 3175 1412 3205 adiutorem
1429 3175 1488 3204 sibi
1504 3174 1680 3205 adsciscere
1689 3176 1797 3213 postea
1810 3180 2025 3203 successurum
2041 3172 2072 3203 in
2089 3171 2191 3204 locum

1243 3226 1342 3256 suum,
1358 3216 1497 3256 quamvis
1515 3215 1545 3246 id
1562 3214 1741 3247 (lardinales
1757 3214 1980 3246 consentirent.
