2241 3473
563 195 688 227 vsovn
715 195 768 223 AD
797 193 951 221 orn-viu
979 193 1009 221 s.
1041 192 1203 221 mamus
1232 190 1427 219 aros-rom
1883 178 1908 215 3

22 265 160 308 morali
192 263 329 304 mundi
357 263 464 301 statu
503 261 552 299 ad
590 260 732 299 Christi
760 259 979 297 adventum

23 320 194 361 breviter
222 318 405 362 diximus,
424 315 541 353 facile
562 313 806 364 conspicitur.
831 311 972 349 Conte-

23 374 144 414 renda
165 374 251 410 erat
271 372 464 408 humanae
480 369 620 406 mentis
641 365 835 416 superbia,
850 364 976 401 mode-

24 427 145 466 randa
175 425 382 474 cupiditas,
411 421 631 471 corrigendi
662 419 836 463 affectus,
863 428 975 454 cver-

22 481 141 519 tenda
168 478 395 528 opinionum
424 474 594 513 licentia.
617 474 717 512 Hinc
744 470 976 521 praesertim

24 532 280 572 humilitatem
302 561 312 578 ,
344 528 680 567 mansuetudinem
697 555 707 571 ,
746 523 976 562 munditiem

25 586 151 625 cordis
179 584 351 622 inculcat
379 582 405 620 ¹.
435 581 578 619 Totum
598 578 788 617 hominem
809 576 974 614 interio-

26 651 108 678 rem
128 637 359 682 reformans,
383 637 518 673 beatos
536 633 629 670 dicit
649 641 840 681 pauperes
860 629 975 678 spiri·
994 669 997 681 ,

25 697 85 740 tu,
105 692 169 742 qui
191 691 343 729 abiecta
365 686 635 736 temporalium
652 683 974 733 cupidine,aeter-

26 745 85 784 nis
112 744 262 783 divitiis
281 742 434 780 inhiant
461 738 485 777 ⁵³.
516 739 567 776 Iis
592 737 790 776 coelorum
809 746 975 786 regnum

26 803 208 849 paratum
237 797 359 840 docet,
387 792 452 842 qui
471 791 714 829 inordinatos
734 789 854 828 animi
874 787 974 826 affe-

26 854 111 891 ctus
139 862 184 888 ac
214 848 409 899 passiones
437 844 676 883 mortificant
704 842 719 864 ³
743 856 752 890 3
781 842 846 891 qui
876 853 973 891 quae

24 904 190 944 mundus
211 900 358 951 diligit,
376 898 540 944 evitant,
561 900 602 935 et
619 908 720 946 quae
742 896 863 934 stulta
881 896 973 933 sunt

22 957 114 996 huic
132 955 275 994 mundo
290 984 300 1001 ,
329 953 528 991 sectantur
546 949 583 997 4;
603 951 668 1000 qui
689 949 864 987 inimicos
884 947 971 986 dili-

21 1011 140 1060 gunt,
169 1008 336 1047 offensas
356 1005 562 1044 remittunt
577 1003 610 1050 ⁵,
627 1002 884 1041 adversitates
905 1013 973 1050 pa-

20 1063 166 1101 tienter
193 1061 350 1107 ferunt,
378 1071 447 1109 pro
475 1057 627 1096 iustitia
661 1055 972 1106 persecutionem

22 1115 243 1167 patiuntur.

75 1169 201 1207 Porro
229 1165 406 1205 doctrina
434 1164 517 1202 eius
546 1163 722 1202 sublimis
749 1161 898 1211 pariter
926 1171 971 1198 ac

23 1224 159 1260 sancta
175 1223 215 1259 et
229 1219 373 1258 rationi
389 1217 558 1256 maxime
574 1216 780 1254 conformis
796 1217 866 1253 est.
878 1214 971 1251 Tra-

23 1276 81 1314 dit
95 1278 176 1313 tum
199 1285 301 1323 quae
320 1272 492 1317 credere,
506 1273 590 1308 tum
607 1281 707 1319 quae
723 1280 839 1319 agere
855 1269 970 1316 atque

22 1328 150 1366 vitare
170 1328 334 1377 oportet,
349 1328 392 1363 ut
405 1324 508 1362 beati
524 1335 609 1361 esse
625 1322 824 1372 possimus.
846 1321 969 1359 Deum

23 1381 164 1430 ubique
201 1391 321 1418 unum
341 1378 542 1428 praedicat
560 1375 594 1423 ⁶,
614 1377 727 1414 illum
757 1376 868 1413 docet
888 1384 970 1412 esse

23 1435 278 1484 purissimum
294 1433 475 1482 spiritum
495 1428 523 1478 ⁷,
544 1430 711 1480 primum
727 1428 898 1466 omnium
914 1438 971 1464 re-

22 1499 109 1526 rum
138 1490 334 1525 auctorem
357 1488 397 1523 et
416 1484 632 1531 dominum,
654 1482 970 1532 omnipotentem,

23 1540 352 1592 sapientissimum
364 1568 374 1584 ,
402 1537 649 1583 omniscium,
677 1535 970 1574 veracissimum

23 1597 64 1632 et
92 1593 420 1644 perfectissimum
439 1589 468 1637 ⁸,
498 1602 648 1628 summe
670 1590 813 1627 bonum
843 1586 878 1634 ⁹,
897 1588 969 1625 be-

23 1647 190 1685 neficum
212 1644 256 1693 ¹⁰,
275 1645 480 1695 providum
502 1656 547 1682 ac
565 1644 724 1689 iustum,
744 1642 810 1691 qui
838 1641 970 1678 virtu-

23 1703 102 1738 tem
122 1699 363 1745 remunerat,
382 1697 569 1747 punitque
598 1698 802 1746 peccatum
834 1692 873 1732 ¹¹.
901 1694 972 1731 Do-

24 1756 107 1799 cet,
136 1763 269 1790 omnes
296 1752 367 1789 has
397 1751 546 1788 divinas
565 1749 825 1799 proprietates
846 1747 971 1784 tribus

25 1806 136 1844 unius
155 1808 194 1843 et.
213 1805 387 1842 eiusdem
408 1806 571 1841 naturae
591 1803 778 1852 personis,
799 1800 911 1838 Patri
931 1801 970 1837 et

24 1859 122 1897 Filio
141 1861 181 1896 et
200 1857 361 1907 Spiritui
375 1857 529 1902 Sancto,
545 1857 672 1894 inesse
691 1854 734 1893 ¹².
750 1855 883 1899 Docet,
903 1853 972 1890 hu-

24 1912 83 1950 ius
104 1910 379 1960 omnipotentis
398 1910 469 1947 Dei
489 1913 587 1947 nutu
618 1912 657 1947 et
675 1909 795 1946 verbo
815 1907 970 1944 univer-

25 1977 110 2003 sum
139 1965 212 2002 hoc
245 1975 421 2013 quaeque
449 1974 494 2000 eo
529 1962 790 2007 continentur,
809 1972 830 1997 e
851 1959 969 1996 nihilo

26 2018 128 2056 facta
147 2017 280 2063 fuisse,
298 2017 478 2064 illiusque
497 2016 689 2065 sapientia
709 2016 749 2052 et
768 2012 970 2063 providen-

25 2072 81 2109 tia
108 2072 330 2108 constanter
356 2070 566 2119 gubernari
586 2068 628 2116 ¹³3
655 2069 850 2106 hominem
870 2077 969 2115 quo-

27 2136 100 2174 que
116 2136 189 2162 non
206 2123 324 2161 alium
340 2135 456 2172 quam
471 2124 611 2169 Deum,
625 2124 701 2172 qui
715 2122 809 2171 fecit
823 2131 871 2158 ex
888 2130 970 2157 uno

26 2189 144 2216 omne
157 2188 291 2226 yenus
307 2177 521 2214 hominum
538 2175 580 2222 ¹⁴,
595 2176 738 2214 habere
759 2177 969 2218 auctorem3

28 2230 217 2269 hominem
238 2242 312 2267 non
328 2232 482 2268 tantum
499 2232 656 2267 terreno
672 2231 712 2266 et
727 2225 970 2276 corruptibili

29 2295 199 2334 corpore,
211 2284 278 2321 sed
293 2285 332 2321 et
346 2284 536 2332 spirituali
552 2295 597 2320 ac
612 2281 821 2320 immortali
842 2279 972 2318 anima

28 2339 202 2375 constare
224 2336 272 2383 15;
293 2348 381 2374 eum
401 2337 449 2374 ad
467 2336 750 2374 beatitudinem
769 2336 970 2372 aeternam

29 2401 111 2428 esse
129 2391 314 2437 creatum,
330 2390 429 2427 hanc
447 2393 577 2428 tamen
597 2401 672 2427 non
692 2388 765 2426 nisi
785 2389 972 2425 bonorum

30 2453 186 2492 operum
207 2443 343 2481 merito
364 2443 544 2492 vitaeque
572 2441 826 2481 sanctimonia
844 2441 973 2478 obten-

30 2500 113 2533 tum
129 2495 175 2532 iri
193 2493 240 2543 ¹⁶3
256 2496 447 2534 hominem
462 2496 615 2545 quidem
628 2495 916 2534 esseinfirmum
930 2491 973 2541 ¹⁷,

69 2599 80 2620 ¹
96 2599 199 2630 nauh.
218 2599 248 2636 v,
266 2598 410 2639 8,xv[11,
425 2599 508 2632 3-12.

70 2639 84 2661 ‘2
100 2640 202 2671 Manu.
219 2641 253 2679 V,
269 2640 296 2671 3.

71 2682 85 2702 3
99 2682 171 2712 Luc.
188 2682 239 2718 IX,
256 2680 304 2713 ⁵23.

70 2723 84 2745 ⁴
101 2723 203 2753 Mauh.
223 2723 256 2760 V,
271 2722 308 2759 5;
323 2724 408 2754 Ioan.
422 2724 471 2761 XI,
486 2723 536 2756 20.

70 2764 85 2786 5
100 2764 203 2794 Matth.
222 2765 253 2800 V,
270 2763 319 2802 44,
336 2765 434 2804 XVIII,
451 2764 499 2798 35.

70 2806 86 2828 6
101 2807 193 2836 Marc.
210 2806 270 2841 xu,
287 2804 336 2837 29.

70 2846 85 2868 '¹
102 2848 182 2877 Ioan.
199 2846 245 2884 1v,
261 2845 312 2877 24.

72 2887 87 2910 ⁸
104 2888 206 2919 Matth.
223 2889 256 2925 V,
272 2888 320 2920 48.

73 2928 87 2950 ⁹
102 2929 206 2960 matth.
223 2930 298 2968 xix,
320 2929 362 2960 ιτ.

60 2968 88 2991 ¹⁰
102 2970 207 3000 matth.
224 2971 284 3007 VII,
301 2971 350 3002 11.

61 3009 85 3030 ¹¹
105 3011 205 3042 Mauh.
221 3013 294 3049 XVI,
309 3012 358 3043 ⁶27.

60 3050 87 3072 ¹2
102 3052 205 3084 Matth.
221 3054 319 3091 XVIII,
336 3052 448 3092 18-203
464 3054 475 3084 1
490 3054 594 3085 Ioann.
611 3055 644 3094 V,
660 3054 687 3086 7.

60 3091 88 3114 ¹3
104 3094 208 3124 matth.
226 3095 271 3131 VI,
286 3094 334 3126 26.

63 3133 87 3156 ¹⁴
106 3135 184 3166 Acta
199 3135 310 3174 Apost.
327 3138 413 3174 XVII,
428 3136 478 3167 QG.

62 3174 90 3198 ¹⁵
106 3177 207 3207 matth.
223 3178 258 3215 x,
274 3177 324 3216 28,
341 3179 425 3210 xxv.

63 3215 91 3239 ¹⁶
107 3218 208 3248 matth.
225 3218 264 3256 V;
280 3219 380 3251 Iacob.
398 3221 431 3258 Π,
449 3218 496 3258 14,
512 3219 567 3257 243
585 3218 626 3251 ad
640 3218 728 3251 Rom.
746 3221 780 3259 ll,
798 3220 844 3251 13.

65 3255 91 3279 ¹⁷
106 3258 188 3290 ioan.
205 3260 264 3299 XV,
280 3260 308 3291 5.

1016 259 1082 296 sed
1102 269 1294 296 summam
1316 268 1399 295 esse
1419 254 1491 294 Dei
1509 254 1548 292 in
1568 264 1680 292 omne
1701 263 1821 303 genus
1839 251 1958 290 homi·

1017 324 1107 350 num
1145 311 1355 349 bonitatem
1380 340 1390 356 ,
1427 320 1505 358 qua
1542 317 1674 346 omnes
1711 305 1839 345 salvos
1874 304 1959 343 fieri

1018 366 1104 402 vult
1125 364 1150 410 ¹,
1171 365 1393 414 gratiasque
1413 366 1453 401 et
1472 361 1620 400 auxilia
1648 359 1696 398 ad
1724 369 1959 407 consequen-

1017 418 1105 455 dam
1134 417 1413 456 beatitudinem
1443 415 1557 454 offert
1576 413 1603 453 ².
1634 414 1773 458 Docet,
1793 423 1891 460 quae
1911 411 1961 449 sit

1016 472 1207 509 malorum
1236 470 1407 508 omnium
1431 481 1563 515 causa,
1583 466 1727 517 quique
1748 464 1830 503 fons
1851 476 1960 502 com-

995 520 997 536 ¹
1017 525 1143 562 munis
1173 523 1275 561 illius
1303 522 1580 572 corruptionis,
1608 517 1869 570 cuiusjquivis
1888 517 1961 556 sibi

1017 578 1151 615 intime
1171 577 1347 614 conscius
1367 578 1436 613 est.
1458 575 1533 612 Sed
1554 573 1673 612 simul
1692 570 1840 610 revelat
1858 571 1960 609 omni

1015 631 1185 668 humana
1200 629 1470 679 expectatione
1485 628 1726 677 superiorem
1743 624 1865 663 divini
1876 635 1962 661 con-

1015 684 1090 721 silii
1111 689 1150 721 et
1168 682 1352 721 bonitatis
1372 681 1410 719 in
1429 682 1660 731 praeparata
1675 679 1735 718 his
1751 677 1862 717 malis
1883 689 1957 716 me·

1015 737 1103 774 dela
1123 734 1385 774 oeconomiam
1405 733 1432 772 ³.

1067 789 1252 828 Doctrina
1273 788 1356 826 eius
1375 786 1534 825 moralis
1547 816 1556 833 ‚
1575 798 1644 824 seu
1665 784 1838 835 practica
1863 783 1960 822 nihil

1015 843 1088 881 nisi
1109 846 1287 881 sanctum
1307 845 1346 879 et
1365 852 1516 879 summe
1537 840 1737 877 honestum
1759 838 1891 887 spirat.
1903 837 1961 875 Ea

1013 896 1158 935 homini
1175 895 1330 934 exhibet
1350 895 1477 933 Deum
1497 895 1542 931 ut
1559 904 1699 930 verum
1719 895 1758 930 et
1777 890 1960 941 solumfffi-

1014 962 1100 988 nem
1128 961 1240 988 suum
1271 948 1466 994 ultimum,
1495 946 1533 984 in
1563 957 1679 995 quem
1707 944 1838 983 omnia
1868 945 1960 982 vota

1013 1016 1083 1042 sua
1111 1003 1265 1052 dirigat.
1287 1003 1412 1040 Deum
1441 1000 1603 1048 eiusque
1633 997 1959 1036 ordinatissimam

1012 1057 1260 1095 voluntatem
1290 1057 1334 1093 ut
1368 1053 1546 1104 regulam
1571 1052 1676 1090 vitae
1705 1063 1959 1100 normamque

1010 1110 1258 1160 perfectionis
1284 1107 1462 1159 proponit
1477 1106 1504 1145 4.
1521 1106 1714 1155 Quidquid
1742 1106 1885 1142 bonum
1900 1106 1959 1142 est

1010 1166 1050 1202 et
1073 1164 1276 1201 honestum
1300 1161 1566 1206 commendat3
1586 1158 1772 1208 quidquid
1790 1169 1884 1195 vero
1903 1157 1958 1195 in-

1011 1218 1170 1265 decens,
1190 1216 1379 1266 quidquid
1397 1218 1512 1263 turpe
1541 1214 1621 1258 est,
1636 1211 1815 1262 prohibet
1833 1210 1858 1249 ⁵.
1879 1211 1960 1248 Do-

1010 1275 1071 1309 cet
1099 1283 1197 1320 quae
1216 1271 1330 1308 homo
1351 1269 1452 1313 Deo,
1472 1278 1571 1316 quae
1590 1265 1662 1304 sibi
1681 1268 1722 1303 et
1741 1276 1842 1313 quae
1862 1275 1955 1313 pro-

1010 1325 1114 1363 ximo
1151 1336 1221 1362 suo
1254 1324 1405 1361 debeat.
1435 1321 1506 1358 Dei
1543 1319 1691 1357 cultum
1728 1317 1958 1368 praescribit

1011 1378 1183 1416 omnium
1220 1376 1471 1427 purissimum
1487 1404 1497 1421 ,
1530 1373 1727 1411 internum
1765 1371 1881 1409 simul
1919 1373 1959 1408 et

1013 1434 1243 1478 externum,
1271 1432 1316 1468 in
1344 1430 1499 1479 spiritu
1537 1432 1577 1465 et
1609 1427 1778 1464 veritate
1795 1423 1829 1472 ὃς
1857 1423 1960 1462 illius

1011 1497 1203 1524 summam
1223 1484 1391 1522 ostendit
1410 1482 1577 1532 positam
1592 1492 1674 1518 esse
1693 1479 1733 1517 in
1753 1479 1822 1516 Dei
1839 1489 1957 1526 super

1010 1540 1137 1577 omnia
1165 1549 1296 1577 amore
1311 1536 1339 1584 ⁷,
1358 1537 1397 1574 iu
1425 1535 1608 1573 continuo
1636 1532 1693 1570 illi
1730 1544 1799 1582 per
1827 1531 1958 1569 omnia

1009 1592 1185 1642 placendi
1213 1591 1339 1629 studio
1367 1602 1412 1628 ac
1438 1588 1543 1627 fideli
1570 1587 1842 1625 mandatorum
1870 1585 1960 1623 eius

1011 1646 1188 1684 custodia
1214 1643 1240 1683 8.
1273 1645 1395 1682 Deum
1425 1642 1549 1680 solum
1577 1640 1794 1678 timendum
1823 1639 1958 1688 perhi-

1010 1701 1095 1747 bet3
1125 1699 1191 1737 sed
1211 1699 1326 1736 simul
1355 1700 1397 1734 ut
1415 1689 1567 1745 patrem
1586 1694 1772 1743 optimum
1794 1693 1957 1731 invoca-

1011 1765 1066 1799 re,
1094 1751 1312 1801 glorificare
1340 1753 1456 1798 atque
1485 1749 1533 1786 ab
1560 1748 1642 1797 ipso
1670 1758 1740 1795 per
1760 1746 1957 1784 Christum

1011 1806 1312 1854 Redemptorem
1343 1803 1471 1841 omnia
1507 1803 1610 1840 bona
1648 1801 1859 1849 expectare
1887 1800 1958 1837 do-

1011 1862 1074 1897 cet
1092 1857 1118 1897 ⁹.
1139 1858 1295 1896 Homini
1323 1856 1496 1894 maxime
1523 1854 1694 1892 inculcat
1714 1864 1850 1890 curam
1864 1865 1959 1902 pro-

1010 1913 1116 1961 priae
1147 1912 1310 1956 animae,
1330 1922 1354 1948 a
1372 1909 1481 1947 cuius
1501 1908 1627 1946 salute
1647 1907 1770 1944 omnis
1791 1906 1958 1944 hominis

1011 1965 1176 2003 felicitas
1213 1965 1356 2014 pendet
1387 1961 1428 2000 ¹⁰.
1459 1962 1570 2000 Hanc
1601 1960 1753 1998 animae
1791 1959 1958 1997 salutem

1011 2019 1226 2068 quibusque
1254 2018 1292 2055 in
1321 2017 1395 2054 hae
1425 2015 1504 2053 vita
1524 2014 1761 2052 charissimis
1780 2012 1957 2063 praefer-

1011 2084 1065 2119 re,
1081 2074 1121 2110 et
1134 2072 1264 2122 potius
1283 2071 1386 2108 vitae
1407 2081 1523 2119 quam
1541 2068 1646 2106 illius
1665 2067 1855 2105 iacturam
1877 2066 1958 2115 pati

1010 2126 1118 2163 iubet
1148 2125 1189 2164 ¹¹.
1229 2123 1483 2163 Commendat
1509 2122 1679 2159 maxime
1717 2119 1957 2166 orationem,

1009 2179 1210 2224 ieiunium,
1227 2181 1267 2216 et
1284 2177 1509 2227 passionum
1529 2175 1734 2224 carnisque
1754 2173 1958 2211 mortifica·

1009 2233 1157 2270 tionem
1171 2231 1210 2270 ¹².
1232 2232 1340 2269 Inter
1367 2242 1413 2267 ea
1428 2232 1561 2267 autem
1591 2240 1690 2277 quae
1710 2228 1823 2265 homo
1844 2227 1958 2264 debet

1011 2286 1187 2336 proximo
1216 2297 1305 2331 suo,
1324 2283 1616 2321 fundamentum
1636 2280 1957 2331 principiumque,

1012 2352 1032 2377 e
1051 2352 1126 2389 quo
1146 2339 1296 2388 reliqua
1314 2339 1564 2386 promanant,
1585 2335 1693 2384 ponit
1712 2345 1956 2372 communem

1012 2394 1050 2431 in
1080 2404 1214 2430 omnes
1251 2390 1481 2429 charitatem
1511 2388 1553 2428 ¹³.
1580 2390 1693 2427 Hanc
1713 2387 1955 2426 dilectionem

1014 2459 1090 2484 una
1128 2458 1218 2484 cum
1247 2444 1439 2483 charitate
1476 2444 1516 2481 in
1545 2444 1670 2481 Deum
1699 2441 1875 2481 Christus
1912 2442 1957 2478 ut

1014 2512 1205 2538 summam
1225 2499 1324 2549 legis
1341 2497 1371 2520 ¹¹¹
1392 2500 1431 2535 et
1449 2496 1646 2546 proprium
1664 2494 1862 2545 discipulis
1878 2493 1956 2531 suis

1057 2625 1067 2646 ¹
1085 2626 1188 2656 Matth.
1204 2623 1308 2661 XVIII,
1326 2621 1381 2663 14,-
1396 2623 1410 2654 Ι
1425 2621 1562 2663 adJTim.
1577 2623 1615 2662 11,
1630 2622 1658 2653 4.

1056 2667 1071 2689 2
1087 2668 1156 2697 Luc.
1173 2667 1222 2705 XI,
1237 2665 1265 2696 9.

991 2700 993 2710 ²
1055 2709 1069 2730 3
1085 2707 1135 2740 Ad
1150 2707 1240 2740 Rom.
1257 2708 1289 2744 V,
1307 2707 1372 2744 x11,
1390 2704 1499 2744 1525,
1516 2704 1682 2746 adJEphes.
1701 2706 1722 2743 1,
1738 2704 1820 2736 aia-10.
1851 2747 1857 2750 ῃ

1056 2751 1069 2773 4
1086 2751 1191 2780 natm.
1207 2751 1240 2787 v,
1255 2749 1304 2780 48.
1742 2755 1781 2785 er.

1058 2792 1072 2815 5
1086 2792 1135 2824 Ad
1151 2791 1288 2831 Phihpp.
1305 2790 1354 2827 IV,
1371 2788 1409 2827 83-
1422 2788 1436 2820 I
1450 2787 1490 2820 ad
1509 2787 1688 2820 leessalon.
1706 2788 1738 2826 V,
1754 2787 1802 2820 22.

1055 2835 1069 2857 6
1087 2835 1167 2865 loan.
1185 2834 1234 2872 IV,
1249 2832 1355 2863 23-24.

1055 2878 1069 2900 ⁷
1086 2878 1188 2908 Manu.
1205 2875 1363 2914 xx11,37.

1057 2928 1071 2951 8
1089 2921 1172 2950 Ioan.
1188 2919 1263 2957 XIV,
1280 2917 1335 2955 :213
1352 2916 1391 2949 ad
1407 2914 1498 2949 Hebr.
1517 2911 1581 2951 XII,
1596 2911 1646 2947 28.

1055 2970 1069 2992 9
1086 2971 1167 3001 Ioan.
1184 2969 1259 3006 XVI,
1275 2967 1322 2999 23.

1042 3012 1070 3034 10
1085 3012 1188 3043 Matth.
1204 3011 1279 3048 XVI,
1294 3008 1342 3039 26.

1042 3055 1066 3076 1¹
1084 3053 1159 3084 lbid.

1042 3096 1069 3118 1‘2
1084 3095 1188 3126 matth.
1211 3092 1313 3129 XXVI,
1334 3091 1384 3129 41,
1407 3090 1524 3129 XXVII,
1547 3088 1603 3127 20;
1625 3090 1718 3121 Marc.
1733 3089 1788 3127 IX,
1805 3087 1855 3126 ⁰28,
1872 3089 1952 3127 XIII,

1014 3137 1067 3176 333
1095 3138 1163 3167 Luc.
1185 3135 1277 3171 XVII,
1301 3134 1328 3172 1,
1343 3133 1433 3172 XXII,
1448 3131 1502 3170 40;
1519 3130 1561 3163 ad
1574 3131 1665 3164 Rom.
1679 3131 1757 3171 VIII,
1782 3129 1894 3169 12-143
1911 3130 1953 3162 ad

1016 3179 1133 3212 Coloss.
1148 3177 1203 3215 111,
1220 3176 1247 3213 5,
1264 3176 1312 3213 IV,
1327 3175 1356 3206 2.

1041 3221 1067 3243 ¹3
1084 3220 1186 3251 Matth.
1202 3219 1262 3257 XX,
1279 3217 1332 3255 393
1349 3215 1389 3248 ad
1404 3214 1492 3248 Rom.
1505 3214 1590 3254 XIII,
1602 3214 1630 3246 8.

1036 3262 1063 3285 ¹⁴
1078 3261 1152 3293 ibid.
