2241 3473
266 129 341 167 188

213 206 317 243 mine
337 203 550 243 catholicae
569 202 657 240 fidei
678 203 718 239 et
738 199 981 239 obedientiae
1001 195 1146 247 profes-

214 259 360 296 sionem
378 257 498 295 edidit
519 254 543 293 ¹.

268 312 478 348 Praeterea
497 320 617 357 quum
630 307 804 345 Lusitani
821 306 932 343 littus
941 303 1145 342 Malabari-

216 376 301 401 cum
322 364 454 400 Indiae
487 362 558 398 sibi
592 361 858 405 suhiecissent,
880 357 1151 401 Nestorianos,

214 417 278 466 qui
294 417 344 453 ibi
365 416 438 453 127
453 418 586 452 0001113
602 413 826 451 efficiebant
837 414 877 449 et
888 410 1149 461 patriarcham

212 471 357 508 dictum
379 467 672 516 Babylonicum,
694 466 870 504 Mosulae
900 464 1150 508 residentem,

211 527 396 571 tanquam
418 523 536 570 eaput
555 532 668 558 suum
699 518 1004 557 ecclesiast-icum
1026 528 1150 553 vene-

211 576 413 620 rabantur,
433 574 552 612 etiam
575 574 623 610 ad
644 574 826 610 unionem
847 584 933 610 cum
955 571 1002 608 R.
1025 569 1150 608 Eccle-

212 629 268 666 sia
288 628 499 677 perducere
518 627 764 665 studuerunt.
782 626 865 663 Hac
894 626 931 662 in
953 636 996 661 re
1016 623 1151 660 Alexis

212 682 258 719 de
278 681 466 728 Menezes,
487 680 798 729 archiepiscopus
814 679 970 716 Goanus
984 679 1024 715 et
1037 677 1076 714 in
1095 676 1151 713 In-

213 735 275 772 dia
294 734 520 772 Lusitanica
549 733 652 781 regis
670 745 829 770 munere
857 732 1034 781 fungens,
1055 729 1152 767 effe—

213 788 281 833 cit,
301 790 345 824 ut
363 787 401 824 in
425 788 573 837 synodo
593 786 792 836 Diamperi
814 798 929 835 prope
950 785 1150 821 civitatem

213 853 311 890 quae
328 841 470 878 dicitur
485 853 514 879 s.
530 840 715 885 Thomae,
733 852 793 877 an.
810 839 909 877 1599
922 838 1064 883 habita,
1080 835 1155 874 Ne-

213 895 373 932 storiani
393 895 611 932 doctrinam
631 896 671 931 et
690 894 869 931 instituta
888 891 1080 929 catholica
1095 902 1156 927 ac-

214 948 424 997 eept-arint3
454 959 529 996 quo
557 947 673 992 facto,
693 958 829 984 eorum
851 946 1051 994 episcopus
1071 944 1156 981 Ro—

216 1014 318 1040 mam
347 1001 486 1039 missus
515 1003 600 1047 est,
630 1000 694 1038 ubi
730 999 976 1049 patriarchae
1015 997 1154 1035 Mosu-

214 1055 313 1093 lensi
333 1054 590 1101 renuntiavit,
621 1054 801 1092 Pontifici
823 1051 1082 1090 obedientiam
1103 1051 1158 1088 iu-

215 1109 331 1154 ravit,
349 1112 388 1146 et
405 1109 457 1146 ab
477 1121 521 1146 eo
542 1108 581 1146 in
610 1108 921 1146 communionem
950 1108 1156 1154 susceptus

215 1162 290 1200 fuit
308 1160 335 1200 ².

268 1216 410 1253 Iisdem
424 1218 499 1253 tem
507 1214 661 1265 poribus
673 1214 943 1252 adlaboratum
960 1211 1033 1250 fuit
1047 1211 1159 1249 redu-

216 1270 349 1307 cendis
369 1269 416 1306 ad
439 1270 617 1307 unionem
639 1269 872 1306 catholicam
901 1265 1158 1314 AEthiopibus

217 1335 285 1361 seu
301 1323 529 1372 Abyssiniis,
545 1322 610 1371 qui
625 1334 778 1360 errores
794 1320 1158 1370 Monophysitarum

216 1378 285 1414 sub
294 1375 988 1422 obedientiaAlexandriniCoptorum
1000 1373 1162 1422 patriar-

217 1431 312 1467 chae
321 1429 803 1478 sectabantur.Postquam
815 1428 868 1465 illi
886 1428 964 1465 iam
973 1437 1157 1464 commer-

218 1477 320 1521 ciu'in
337 1485 376 1520 et
392 1483 698 1520 coniunctionem
719 1494 809 1519 cum
830 1481 1028 1521 Lusitanis
1049 1479 1158 1516 iniis-

218 1537 445 1584 scnt,David
457 1548 591 1574 eorum
601 1548 684 1581 rex,
695 1539 739 1572 ut
750 1548 793 1572 eo
807 1535 951 1572 certius
967 1546 990 1572 a
1000 1534 1159 1572 Lusita—

219 1591 278 1628 nis
296 1591 462 1628 militare
479 1589 667 1628 auxilium
685 1588 999 1626 contravicinum
1012 1598 1158 1636 regem,

219 1645 370 1682 hostem
387 1656 516 1689 suum,
530 1643 969 1692 impetraret,Ioannem
988 1641 1158 1678 Ber-mu-

219 1698 320 1742 dem,
331 1709 446 1747 quem
460 1698 651 1735 medicum
661 1709 773 1734 suum
784 1696 935 1745 legatus
946 1695 1158 1732 Lusitanus

220 1751 257 1788 in
280 1751 489 1800 Abyssinia
510 1751 737 1799 reliquerat,
757 1749 1055 1799 Abyssiniorum
1076 1748 1162 1797 epi-

221 1816 379 1854 scopum
401 1804 527 1842 creari
547 1805 716 1849 curavit3
736 1805 837 1852 quod
859 1803 921 1840 hic
940 1814 986 1840 ea
1006 1805 1160 1840 tantum

221 1859 441 1896 conditione
462 1858 631 1904 admisit,
650 1859 682 1895 si
703 1869 727 1895 a
746 1859 794 1894 R.
818 1856 1007 1895 Pontifice
1026 1855 1162 1892 confir-

222 1914 407 1950 maretur.
437 1912 650 1949 Bermudes
669 1923 770 1948 anno
792 1909 949 1948 circiter
970 1910 1070 1947 1538
1087 1910 1163 1946 Ro-

221 1977 325 2003 mam
346 1965 466 2010 venit,
484 1968 524 2003 et
543 1977 566 2003 a
586 1965 708 2003 Paulo
731 1965 799 2013 Pp.
819 1964 875 2001 III
892 1963 1160 2008 confirmatus,

223 2019 403 2056 Ioannem
425 2019 483 2057 III
504 2030 633 2068 regem
654 2017 879 2056 Lusitaniae
900 2017 1032 2063 adivit,
1049 2029 1072 2054 a
1087 2028 1160 2065 quo

224 2072 409 2109 militaria
425 2073 571 2110 auxilia
587 2084 654 2121 pro
671 2084 761 2121 rege
779 2070 1076 2120 Abyssiniorum
1095 2071 1161 2107 im-

224 2125 401 2176 petravit.
419 2125 547 2167 Quum
568 2126 782 2163 Bermudes
801 2136 889 2162 cum
907 2123 1102 2161 Lusitanis
1124 2124 1159 2160 in

224 2178 472 2228 Abyssiniam
501 2181 602 2217 esset
628 2190 833 2223 reversus,
863 2178 1015 2215 obierat
1035 2177 1159 2215 David

226 2244 292 2270 rex
322 2232 432 2280 eique
461 2236 705 2270 successerat
725 2231 906 2270 Claudius
927 2231 1029 2268 filius
1043 2261 1052 2276 ,
1072 2231 1157 2280 qui,

225 2299 312 2324 cum
341 2286 613 2324 Lusitanorum
634 2286 779 2323 auxilio
799 2289 936 2322 contra
955 2285 1084 2322 hostes
1103 2287 1162 2321 in-

226 2340 387 2389 digeret,
416 2340 464 2377 R.
496 2339 673 2377 Pontifici
693 2338 954 2376 obedientiam
973 2338 1162 2387 promisit3

225 2395 290 2431 sed
321 2394 357 2430 in
389 2405 509 2442 regno
530 2393 723 2438 firmatus,
743 2392 789 2429 ad
811 2392 1070 2429 obedientiam
1092 2404 1162 2440 pa-

225 2448 420 2485 triarchae
440 2446 694 2484 Alexandrini
716 2457 900 2483 reversus
920 2448 992 2489 est,
1008 2446 1165 2482 Bermu-

227 2501 313 2538 dem
333 2504 372 2538 et
391 2501 599 2538 Lusitanos
619 2499 784 2549 pessime
803 2500 1004 2536 tractavit.
1027 2499 1074 2535 Hi
1097 2510 1165 2547 per

227 2555 448 2603 provincias
477 2553 636 2602 dispersi
658 2556 760 2597 sunt,
781 2553 997 2590 Bermudes
1019 2563 1111 2589 vero
1128 2552 1163 2589 in

227 2608 421 2658 Europam
444 2607 569 2645 rediit.
591 2606 682 2644 Mox
704 2609 788 2655 post
808 2605 1011 2642 Bcrmudis
1031 2606 1167 2643 disces·

226 2673 309 2699 sum
339 2663 377 2699 in
407 2660 653 2710 Abyssiniam
685 2662 874 2696 venerunt
895 2659 1023 2707 plures
1046 2659 1165 2695 Iesui-

228 2718 310 2760 tae,
332 2727 353 2752 a
375 2715 472 2752 Iulio
495 2716 561 2763 Pp.
585 2714 638 2751 111
659 2717 699 2750 et
719 2724 809 2759 rege
833 2712 1056 2749 Lusitaniae
1076 2713 1165 2749 illuc

230 2769 423 2817 ablegati3
450 2768 516 2806 sed
547 2771 625 2805 tam
655 2766 755 2815 apud
786 2765 987 2803 Claudium
1013 2777 1165 2813 regem,

231 2833 304 2859 non
326 2822 446 2859 multo
468 2824 554 2870 post
572 2821 609 2858 in
633 2819 778 2869 praelio
799 2819 980 2864 occisum,
1001 2831 1115 2867 quam
1133 2832 1167 2856 a·

229 2875 304 2924 pud
335 2875 416 2912 eius
445 2885 723 2918 successorem,
753 2885 813 2910 an.
840 2871 939 2910 1562
961 2878 1166 2918 mortuum,

230 2940 365 2977 parum
395 2928 616 2966 effecerunt.
640 2927 777 2965 Maiori
801 2938 888 2963 cum
911 2926 1040 2963 fructu
1062 2926 1167 2963 labo-

271 3043 281 3064 ¹
299 3043 446 3083 hay-naid.
464 3042 502 3073 ad
519 3052 566 3073 an.
588 3041 663 3074 ¹553
679 3046 708 3073 et
733 3041 828 3078 150ae
844 3041 970 3072 Ciacon.
993 3039 1078 3073 Vitae
1093 3040 1167 3072 Iulii

230 3084 274 3117 ΙΙΙ
287 3091 315 3117 et
333 3086 380 3117 I’a'i
397 3085 453 3117 IV.

270 3128 283 3148 Ἰ
300 3129 337 3158 Le
353 3129 460 3165 Qnien,
476 3125 604 3166 Op.cil.;
623 3124 937 3156 Assemanssihliolh.
956 3124 1070 3155 orient.
1087 3128 1105 3156 Ι.
1120 3125 1167 3161 111,

230 3179 257 3208 p.
277 3170 314 3202 11:
336 3169 482 3209 iiaynnm.
507 3173 536 3199 et
558 3168 718 3209 Spondan.
740 3166 874 3205 Ληιι(ιΙ.;
899 3167 1018 3206 Lahhe,
1045 3165 1157 3199 Concu

231 3215 249 3242 ι.
268 3211 333 3249 XV,
351 3221 379 3252 p.
403 3210 486 3241 15:³8.

821 132 976 161 EPOCHA
1003 131 1057 159 XI.
1087 130 1140 157 AB
1167 130 1305 158 INITIIS
1332 130 1512 158 LVTHERI

1193 197 1337 233 rarunt
1365 196 1435 234 sub
1464 207 1566 233 novo
1594 207 1700 245 rege,
1729 196 1794 244 qui
1823 195 1973 245 reliquo
1997 195 2140 233 saeculi

1193 249 1312 286 huius
1330 250 1505 297 tempore
1527 249 1748 298 imperavit.
1767 249 1969 287 Prioribus
1985 248 2142 286 Iesuitis

1193 302 1356 339 mortuis
1379 303 1439 339 vel
1462 302 1598 340 occisis
1617 306 1811 340 venerunt
1827 303 1905 349 alii,
1921 303 1986 351 qui
2007 314 2141 351 regem

1193 355 1417 404 Seguedum
1437 355 1615 404 religioni
1645 356 1859 393 catholicae
1889 357 1985 394 adeo
2015 355 2140 393 conci-

1195 408 1294 445 liaru
1303 411 1356 452 nt,
1379 411 1421 446 ut
1441 409 1647 446 haereseos
1662 409 1921 457 eutychianae
1938 408 2140 458 professio-

1196 473 1281 499 nem
1301 463 1370 499 sub
1394 474 1516 511 poena
1537 462 1675 511 capitis
1696 463 1972 510 proscriberet3
1993 474 2070 511 quo
2086 461 2142 499 fa-

1195 516 1278 560 cto,
1301 516 1466 564 populus
1495 516 1648 564 saepius
1670 515 1824 564 quidem
1853 516 1893 553 in
1913 516 2141 554 seditionem

1195 570 1381 618 prorupit,
1409 570 1475 606 sed
1505 581 1658 618 semper
1677 580 1701 605 a
1721 580 1812 617 rege
1837 580 2036 618 repressus
2055 568 2142 608 fuit.

1195 621 1339 659 Postea
1358 622 1541 660 Urbanus
1563 624 1630 671 Pp.
1652 621 1748 660 VIII
1767 621 2006 671 Alphonsum
2027 622 2140 660 Men-

1197 676 1276 721 dez,
1295 675 1481 713 Iesuitam
1504 676 1753 723 Lusitanum,
1773 676 1996 724 episcopum
2015 678 2055 714 et
2074 687 2142 725 pa-

1197 729 1408 767 triarcham
1436 729 1666 779 Abyssiniae
1695 728 1975 772 denominavit,
1994 729 2060 778 qui
2080 740 2142 766 an.

1200 782 1300 820 1625
1328 782 1369 820 111
1396 783 1495 820 hanc
1523 786 1669 821 terram
1691 782 1813 820 venit.
1834 782 1944 819 Tunc
1965 794 2034 820 rex
2055 793 2144 819 cum

1197 836 1374 873 omnibus
1394 836 1530 874 aulicis
1550 835 1809 874 obedientiam
1828 836 1876 873 R.
1894 835 2074 873 Pontifici
2089 834 2144 872 iu-

1199 889 1317 935 ravit,
1347 890 1690 939 praescripsitque,
1719 890 1763 927 ut
1790 900 1924 927 omnes
1945 888 2142 938 Abyssinii

1199 943 1336 980 Fidem
1365 945 1404 980 et
1433 944 1530 982 ritus
1553 944 1751 981 Romanos
1780 943 2059 991 sequerentur3
2079 942 2146 980 sed

1200 996 1436 1045 cumnmulti,
1457 1009 1480 1034 a
1501 997 1702 1035 monachis
1724 997 1805 1034 suis
1826 996 1999 1042 excitati,
2019 1006 2143 1034 arma·

1199 1052 1241 1087 ta
1258 1062 1376 1087 manu
1390 1050 1626 1097 resisterent,
1638 1049 1853 1099 Religionis
1868 1050 2064 1098 optionem
2079 1060 2146 1087 seu

1200 1104 1420 1141 libertatem
1440 1104 1606 1142 subditis
1626 1103 1810 1142 restituit.
1831 1102 2022 1141 Basilides
2040 1114 2148 1150 vero,

1203 1157 1370 1206 Seguedi
1391 1170 1452 1195 an.
1476 1158 1576 1196 1632
1592 1158 1733 1195 mortui
1753 1156 1855 1194 filius
1876 1159 1916 1194 et
1934 1167 2146 1202 successor,

1203 1210 1464 1260 patriarcham
1492 1211 1663 1259 aliosque
1683 1211 1849 1248 Iesuitas
1869 1209 2088 1260 expoliatos
2108 1211 2148 1247 et

1204 1265 1303 1302 male
1319 1266 1520 1309 tractatos,
1543 1265 1646 1302 misit
1664 1264 1704 1301 in
1725 1264 1896 1311 Indiam;
1913 1263 2057 1301 caeteri
2078 1264 2143 1312 qui

1204 1320 1486 1363 remanserant,
1505 1317 1699 1356 interfecti
1715 1321 1819 1364 sunt,
1836 1317 2040 1367 omnisque
2055 1316 2145 1355 unio

1203 1383 1291 1409 cum
1307 1372 1355 1409 R.
1376 1371 1552 1410 Ecclesia
1571 1373 1736 1421 abrupta
1749 1369 1773 1409 ¹.

1256 1425 1427 1463 Tentata
1445 1425 1561 1463 etiam
1580 1425 1651 1462 fuit
1673 1425 1762 1462 unio
1781 1424 2147 1474 Monophysitarum

1203 1480 1241 1516 in
1262 1478 1455 1528 AEgyptO,
1475 1480 1539 1527 qui
1561 1478 1671 1527 Copti
1692 1479 1886 1516 dicuntur.
1907 1478 2054 1516 Eorum
2073 1489 2147 1527 pa·-

1203 1533 1376 1570 triarcha
1404 1544 1504 1569 anno
1534 1532 1689 1569 circiter
1720 1531 1820 1569 1560
1848 1532 2015 1569 Romam
2034 1531 2147 1580 lega-

1203 1589 1287 1623 tum
1315 1585 1434 1632 misit,
1453 1585 1519 1635 qui
1539 1585 1720 1623 Pontifici
1741 1585 1974 1623 desiderium
1996 1585 2080 1622 eius
2099 1585 2148 1622 de

1205 1640 1344 1677 unione
1373 1651 1462 1676 cum
1491 1640 1539 1676 R.
1569 1639 1741 1677 Ecclesia
1768 1640 1956 1677 testatum
1985 1638 2145 1676 faceret.

1203 1692 1291 1731 Non
1321 1692 1444 1730 multo
1472 1696 1559 1741 post
1588 1692 1792 1741 epistolam
1821 1692 1992 1729 eiusdem
2023 1703 2146 1741 argu-

1205 1747 1324 1784 menti
1353 1747 1401 1783 ad
1432 1745 1665 1784 Pontificem
1694 1745 1859 1795 scripsit.
1883 1745 1980 1783 Pius
1999 1745 2070 1795 Pp.
2092 1744 2149 1783 IV

1204 1813 1264 1838 an.
1291 1800 1392 1838 1563
1412 1800 1461 1838 ad
1476 1812 1568 1837 eum
1583 1799 1729 1849 legavit
1744 1799 1891 1848 aliquot
1905 1798 2071 1837 Iesuitas
2086 1798 2150 1836 do-

1204 1866 1252 1892 na
1280 1853 1462 1901 ferentes,
1491 1855 1557 1892 sed
1579 1853 1803 1903 patriarcha
1822 1853 1871 1891 iis
1891 1852 2062 1903 acceptis
2081 1863 2150 1890 re-

1203 1908 1418 1957 spondit,se
1435 1908 1585 1945 nonnisi
1598 1910 1824 1945 consuetum
1841 1906 2072 1945 urbanitatis
2088 1906 2153 1944 ob-

1203 1962 1381 2011 sequium
1394 1961 1593 1998 Pontificis
1613 1961 1796 1998 exhibere
1818 1960 2003 1998 voluisse.
2022 1959 2150 2002 Quum

1205 2016 1416 2064 Gregorius
1437 2015 1506 2063 Pp.
1528 2015 1625 2052 XIII
1645 2014 1740 2052 alios
1761 2013 1927 2052 Iesuitas
1947 2014 1996 2051 ad
2017 2013 2154 2063 Copto-

1205 2081 1291 2106 rum
1312 2068 1573 2117 patriarcham
1592 2068 1769 2113 misisset,
1785 2079 1886 2105 anno
1906 2066 2006 2105 1582
2020 2066 2059 2104 in
2078 2077 2155 2104 me-

1205 2122 1345 2171 tropoli
1360 2121 1529 2171 AEgypti
1544 2122 1656 2159 Cairo
1669 2134 1688 2158 c
1701 2122 1857 2170 regione
1871 2121 2014 2158 veteris
2027 2120 2148 2158 Mem-

1206 2176 1290 2225 phis
1319 2176 1490 2225 synodus
1520 2177 1759 2224 congregata
1779 2178 1851 2220 est,
1871 2173 1934 2211 oui
1956 2173 2150 2212 interfue-

1206 2231 1298 2267 runt
1318 2229 1560 2278 patriarcha,
1581 2227 1762 2277 episcopi,
1784 2226 2060 2265 coenobiorum
2080 2239 2152 2265 su-

1205 2283 1390 2332 periores,
1412 2282 1484 2318 viri
1505 2281 1695 2331 primarii,
1715 2284 1754 2319 et
1774 2281 1926 2319 nomine
1946 2281 1996 2319 R.
2019 2281 2152 2318 Ponti-

1204 2337 1288 2374 ficis
1307 2339 1438 2385 patres
1458 2335 1636 2373 Iesuitae.
1657 2336 1750 2373 Post
1765 2334 1910 2373 multas
1927 2335 2156 2383 disputatio-

1206 2402 1273 2428 nes
1293 2390 1340 2427 de
1359 2389 1509 2426 duabus
1529 2389 1671 2426 Christi
1695 2389 1858 2434 naturis,
1876 2388 2048 2438 synodus
2067 2399 2151 2426 con·

1208 2443 1309 2481 fessa
1337 2446 1415 2489 est,
1445 2443 1638 2480 Christum
1669 2443 1816 2480 habere
1845 2442 1942 2480 duas
1963 2444 2153 2487 naturas,

1207 2498 1378 2534 divinam
1409 2498 1448 2534 et
1477 2497 1700 2542 humanam,
1720 2499 1760 2534 et
1779 2495 2037 2534 anathematis
2058 2506 2152 2544 poe-

1206 2562 1296 2587 nam
1320 2550 1530 2598 proposuit,
1551 2550 1579 2586 si
1604 2549 1690 2598 quis
1711 2550 1912 2588 Christum
1933 2549 2058 2587 altera
2078 2560 2150 2586 na·

1207 2607 1297 2642 tura
1315 2603 1659 2652 spoliaret.Verum
1679 2604 1777 2652 quod
1795 2602 1963 2641 confessi
1979 2601 2149 2648 fuerunt,

1208 2657 1465 2706 chirographo
1495 2656 1723 2694 confirmare
1753 2657 1972 2694 noluerunt.
1990 2655 2152 2694 obstitit

1209 2713 1379 2748 maxime
1403 2710 1570 2747 vicarius
1591 2710 1856 2758 patriarchae,
1884 2720 2043 2758 sperans
2071 2707 2153 2746 fore

1211 2768 1253 2801 ut
1273 2777 1316 2801 ea
1337 2764 1486 2801 rationo
1509 2764 1816 2813 patriarchatum
1838 2765 2154 2812 consequeretur.

1208 2818 1365 2855 Obstitit
1393 2819 1509 2855 etiam
1539 2817 1661 2866 ipsius
1691 2817 1937 2866 patriarchae
1958 2826 2072 2853 mors.
2094 2815 2156 2853 Ie·

1208 2872 1332 2908 saitae
1363 2871 1470 2908 brevi
1501 2875 1586 2919 post
1611 2883 1680 2909 eeu
1710 2871 1924 2920 proditores
1945 2881 1968 2907 a
1987 2868 2128 2907 Turcis
2145 2897 2155 2914 ,

1209 2925 1272 2973 qui
1299 2925 1413 2963 Cairo
1434 2925 1691 2973 imperabant,
1711 2925 1748 2961 in
1769 2934 1968 2962 carcerem
1989 2922 2154 2960 coniecti

1209 2981 1308 3024 sunt,
1328 2981 1368 3016 et
1389 2990 1462 3015 non
1487 2978 1558 3015 nisi
1580 2990 1718 3026 magno
1741 2977 1862 3027 pretio
1881 2975 2066 3014 libertate
2086 2987 2153 3013 re·

1209 3032 1380 3080 dempta,
1412 3033 1573 3069 Romam
1604 3032 1816 3069 redierunt.
1847 3032 1922 3068 An.
1955 3029 2055 3067 1594
2077 3028 2154 3066 Ga-

1210 3086 1304 3122 briel
1334 3086 1559 3134 patriarcha
1587 3085 1821 3135 Coptorum‚
1851 3094 1984 3121 rursus
2002 3081 2159 3132 legatos

1253 3167 1258 3187 ¹
1280 3168 1316 3197 Lu
1340 3155 1452 3204 offen,
1472 3166 1583 3198 Oriens
1607 3165 1734 3204 christ.;
1758 3165 1876 3205 Matrei,
1901 3163 2043 3197 Historia
2068 3148 2159 3195 [ηὼς

1212 3208 1326 3240 Ludoh'.
1344 3207 1486 3239 Historia
1502 3207 1702 3249 AElht'opica.
