2241 3473
712 113 839 144 VSQUE
867 111 920 139 AD
940 109 1067 138 FINEM

111 181 240 221 cteriis
249 174 1044 224 vindicaruntBessarion,archiepiscopus

109 236 303 274 Nicaenus
319 262 328 279 ,
357 231 420 281 qui
449 233 536 280 post
554 230 759 269 concilium
775 227 1043 267 Florentinum
1063 242 1068 287 j

110 289 257 326 Romae
276 285 489 335 permansit
517 289 556 322 et
583 284 631 321 ab
652 282 825 331 Eugenio
842 281 896 319 IV
917 279 1043 319 cardi-

110 341 208 379 nalis
228 342 382 377 creatus
401 339 481 383 est3
502 337 694 385 Georgius
714 335 1045 383 'l'rapezuntinus3

110 393 295 442 Iosephus
315 392 517 440 episcopus
535 388 810 431 Methonensis;
826 387 1044 435 Metroplia-
1064 401 1067 422 ι

110 458 178 484 nes
195 446 243 484 ab
263 457 324 483 an.
349 444 448 481 1440
475 455 593 491 usque
613 443 659 480 ad
682 454 742 479 an.
766 441 866 478 1443
888 441 1044 488 patriar·
1064 423 1067 476 l

109 499 182 537 cha
215 499 366 548 Cpnus3
397 497 608 545 Gregorius
636 507 657 532 e
690 492 976 543 protosyucello
1006 494 1045 528 et

110 563 250 601 magno
299 550 592 600 poenitentiario
639 548 688 585 ad
737 545 1044 595 patriarchatum
1063 573 1067 659 ι

111 606 261 654 Cpnum
275 603 517 651 evectus‚qui
530 604 687 651 propter
699 610 808 638 suum
822 610 890 647 pro
904 597 1044 634 unione

109 658 280 696 studium
311 657 434 694 multa
454 666 671 704 perpessus,
691 665 751 691 an.
767 651 864 689 1451
887 650 1043 700 praedi-

110 715 174 749 cta
193 710 400 748 rebellibus
420 708 551 745 divina
570 707 753 750 vindicta,
774 705 938 742 Romam
961 715 1044 740 con·
1064 732 1065 736 ,

111 764 222 814 fugit.
251 764 338 802 RR.
363 760 571 799 Pontifices
591 759 786 809 Eugenius
806 758 860 795 IV
876 760 916 794 et
934 756 1046 794 Nico·
1064 787 1066 793 .

110 818 194 855 laus
233 817 268 854 V
302 815 398 853 nihil
430 815 663 851 intentatum
694 811 964 859 reliquerunt,
1001 813 1044 846 ut
1064 819 1067 835 ¹

110 869 374 908 schismaticos
405 867 574 904 Graecos
603 866 650 903 ad
675 865 859 902 'unionem
881 863 1041 901 reduce-
1063 882 1066 898 a

109 927 199 961 rent
215 936 224 969 ;
243 921 384 960 litteris
404 922 521 968 atque
541 918 803 967 legationibus
822 917 871 954 ad
892 917 1044 965 episco-

114 987 182 1025 pos
204 979 244 1013 et
263 975 311 1012 ad
330 974 605 1023 imperatorem
628 972 683 1009 usi
703 974 806 1014 sunt,
828 973 870 1008 ut
889 970 1043 1007 eosdem

109 1029 156 1066 ad
184 1027 380 1066 Ecclesiae
400 1031 440 1063 et
460 1024 705 1073 Apostolicae
725 1023 835 1061 Sedis
857 1022 1043 1060 obedien-

109 1082 205 1120 tiam
232 1081 459 1119 excitarent.
480 1078 627 1115 Verum
649 1076 884 1115 schismatici
905 1074 1043 1113 Graeci
1062 1093 1066 1128 Ι

110 1146 155 1172 60
174 1134 302 1172 acrius
320 1133 358 1171 in
376 1133 535 1170 Latinos
550 1130 779 1168 inflammati
798 1129 1044 1174 videbantur;

109 1199 185 1236 quo
204 1199 336 1225 eorum
367 1185 511 1224 dissidii
531 1184 722 1222 iniustitia
742 1186 827 1232 post
842 1181 1043 1220 Florenti-

110 1252 202 1278 num
240 1239 442 1277 concilium
473 1237 714 1275 manifestior
742 1240 932 1274 evaserat.
964 1235 1044 1272 De—

109 1305 218 1331 mum
245 1293 381 1330 divina
408 1291 579 1328 vindicta
605 1293 740 1328 secuta
758 1292 826 1327 est.
848 1290 920 1327 An.
944 1288 1065 1326 1453«

108 1347 310 1385 Mahomet
347 1345 405 1391 II,
440 1345 649 1392 imperator
678 1344 918 1387 Turcarum,
947 1342 1065 1392 Con-3

108 1398 398 1449 stantinopolim
429 1397 531 1445 cepit
558 1400 597 1434 et
623 1396 828 1445 imperium
849 1397 1045 1433 Graecum

110 1453 265 1491 evertit.
1064 1496 1065 1501 1

160 1506 322 1544 Unionis
356 1504 514 1542 decreto
542 1503 581 1540 in
611 1502 784 1541 Concilio
814 1502 1065 1549 Florentino}

108 1560 227 1597 etiam
248 1557 487 1617 subscripsit,
506 1560 549 1594 ut
564 1551 744 1600 diximus,
760 1555 929 1593 Isidorus
950 1556 1046 1592 Rus·
1064 1589 1066 1607 z

109 1613 188 1651 siae
207 1611 464 1659 metropollta.
488 1609 666 1647 Vidimus
686 1609 770 1657 quis
785 1609 904 1646 fuerit
918 1608 1045 1645 eccle-
1064 1625 1065 1630 =

109 1665 191 1704 siae
219 1665 383 1702 Russiae
412 1666 541 1700 status
563 1674 684 1711 usque
704 1662 751 1700 ad
771 1662 883 1699 initia
902 1661 1043 1699 saeculi
1064 1683 1066 1706 ς

109 1718 186 1756 XV
207 1717 232 1756 ¹.
264 1720 324 1756 An
357 1716 456 1754 1406
478 1720 563 1764 post
583 1716 730 1753 obitum
753 1715 938 1764 Cypriani
962 1717 1065 1751 me—³

109 1771 316 1819 tropolitae
338 1770 526 1806 dissensio
546 1769 703 1817 grandis
722 1772 809 1806 orta
828 1770 887 1805 est
906 1768 946 1804 in
966 1768 1045 1804 Ec-
1064 1769 1067 1813 ξ

109 1823 409 1862 clesiaRussica.
420 1822 574 1859 Etenim
587 1822 751 1859 Photius
762 1822 1044 1869 Graecus,pra-
1064 1858 1066 1868 ,

109 1878 168 1915 vis
188 1878 337 1915 artibus
363 1875 689 1924 metropoliticam
711 1875 940 1924 dignitatem
960 1875 1045 1911 ade·
1064 1883 1066 1921 ξ

109 1932 218 1980 ptus,
239 1942 279 1967 se
294 1928 599 1967 infensissimum
624 1928 827 1965 Romanae
847 1927 1046 1965 Ecclesiae
1064 1958 1067 1965 .

109 1983 277 2033 prodidit
316 1987 356 2020 et
388 1982 619 2019 catholicam
655 1981 835 2018 unionem
869 1981 1045 2028 disrupit.

109 2039 184 2075 Au.
207 2037 307 2074 1414
327 2035 494 2084 episcopi
515 2035 711 2072 Ruthaeni
732 2035 768 2071 in
785 2034 932 2083 synodo
947 2033 1046 2070 Kio-
1064 2042 1068 2086 J

110 2089 234 2128 viensi
254 2089 440 2127 Photium
459 2089 736 2136 deposuerunt,
756 2089 872 2136 inque
891 2087 972 2125 eius
986 2087 1048 2123 lo-
1064 2087 1067 2116 ἓ

110 2155 195 2180 cum
221 2142 423 2191 elegerunt
444 2141 675 2190 Gregorium
696 2141 896 2186 Zamblak,
921 2140 1047 2177 virum
1066 2157 1067 2170 κ

110 2196 262 2233 doctum
289 2199 331 2233 et
358 2208 445 2233 cum
475 2196 653 2233 Romana
679 2194 853 2232 Ecclesia
881 2194 1068 2242 unitum!

109 2249 219 2286 Tunc
244 2248 416 2287 Ecclesia
443 2248 608 2287 Russica
637 2247 763 2285 divisa
782 2246 857 2285 fuit
885 2248 923 2284 in
952 2243 1068 2287 duasi

111 2301 361 2350 metropoles,
380 2302 632 2340 Kioviensem
662 2300 806 2338 scilieet
834 2302 874 2338 et
894 2290 1068 2337 Mosco-¹

111 2354 280 2392 viensem
294 2368 301 2391 :
315 2355 429 2403 prior,
450 2366 546 2404 quae
567 2354 791 2392 continebat
805 2353 1049 2403 episcopatus

111 2407 274 2445 Russiae
302 2407 504 2453 australis,
525 2407 695 2444 obedivit
722 2406 919 2455 praedicto
945 2406 1048 2443 Gre-

112 2460 244 2510 gorio;
264 2460 469 2508 posterior,
490 2472 588 2509 quae
611 2460 944 2509 complectebatur
965 2459 1050 2507 epi-

111 2516 291 2562 scopatus
319 2513 484 2552 Russiae
512 2513 843 2562 septentrionalis,
864 2524 1069 2562 perman-¹

112 2567 162 2605 sit
185 2567 222 2604 in
240 2567 460 2604 obedientia
479 2566 587 2615 impii
607 2566 749 2604 Photii.
777 2566 992 2614 Gregorius
1015 2578 1070 2622 e-[

1095 108 1250 135 mrmm
1278 108 1425 136 omnm
1901 94 1974 132 129

1086 172 1230 210 viensis
1267 173 1307 210 et
1344 171 1473 210 Photii
1509 167 1783 209 Moscoviensis
1820 168 2021 216 metropo-

1086 226 1190 270 litae,
1201 225 1383 274 Iosephus
1401 223 1622 274 patriarcha
1633 223 1774 271 epuns,
1788 221 1908 259 totius
1923 222 2020 258 Rus-

1086 278 1166 316 siae
1177 278 1462 326 metropolitam
1475 277 1690 314 nominavit
1700 275 1889 313 Isidorum
1901 274 2022 311 Thes-

1085 331 1376 376 salonicensem,
1393 331 1520 368 virum
1541 330 1643 378 pium
1665 332 1705 366 et
1723 328 1891 373 doctum,
1911 327 1977 376 qui
2000 338 2024 363 a

1087 383 1413 422 Moscoviensibus
1429 384 1525 420 bone
1542 385 1743 431 exceptus,
1761 391 1943 430 magnum
1955 380 2024 416 du-

1087 449 1169 474 cem
1189 437 1237 474 ad
1261 435 1440 473 unionem
1462 436 1638 474 hortatus
1658 437 1716 472 est
1730 464 1739 481 ,
1760 437 1799 472 et
1819 434 1866 471 ab
1886 444 1929 470 eo
1950 433 2023 469 ob-

1087 489 1217 535 tinuit,
1239 493 1282 526 ut
1301 489 1346 526 ad
1368 488 1569 526 concilium
1591 500 1658 536 pro
1680 487 1831 524 unionis
1847 487 2023 524 Graeco-

1086 554 1170 580 rum
1190 554 1278 580 cum
1299 541 1449 579 Latinis
1470 542 1625 590 negotio
1647 540 1851 579 Ferrariae
1872 550 2020 577 convo-

1086 600 1214 632 catum
1237 596 1474 642 properaret.
1497 594 1664 632 Isidorus
1684 593 1722 630 in
1743 592 1905 630 concilio
1925 591 2022 629 Flo-

1064 666 1067 675 >
1085 648 1236 685 reutino
1250 647 1400 684 unionis
1415 648 1570 692 decreto
1585 646 1827 694 subscripsit,
1842 645 2020 683 rediens-

1087 713 1158 750 que
1187 701 1225 738 in
1255 699 1435 738 Russiam
1466 700 1514 738 ab
1548 699 1722 748 Eugenio
1749 699 1817 747 Pp.
1838 698 1892 736 IV
1912 699 2021 746 Apo-

1085 754 1245 792 stolicae
1275 753 1376 790 sedis
1404 753 1557 802 legatus
1577 756 1730 789 creatus
1750 751 1833 789 fuit.
1855 751 2021 789 Kioviae

1085 819 1108 844 a
1139 806 1280 856 populo
1298 836 1308 852 ,
1337 805 1439 843 clero
1469 809 1508 843 et
1528 805 1749 854 proceribus
1771 804 1955 842 Poloniae
1977 815 2022 842 ac

1086 859 1317 897 Lithuaniae
1338 859 1480 907 optime
1503 858 1577 896 fuit
1597 861 1800 906 exceptus,
1821 859 1860 895 et
1875 857 2025 895 unionis

1086 914 1287 950 decretum
1309 913 1449 961 ubique
1479 915 1701 960 susceptum
1728 910 1812 948 fuit.
1834 911 1886 948 At
1904 922 2025 958 quum

1086 966 1307 1004 Moscoviae
1341 965 1585 1014 praedictum
1620 965 1819 1002 decretum
1848 963 2026 1012 promul-

1085 1020 1215 1069 gabat,
1241 1019 1426 1056 mandato
1448 1018 1577 1067 magni
1597 1018 1705 1056 ducis
1725 1016 1965 1064 interceptus
1985 1019 2026 1055 et

1087 1072 1321 1110 monasterio
1336 1071 1505 1110 inclusus
1520 1071 1605 1118 fuit,
1622 1084 1643 1109 e
1659 1083 1734 1120 quo
1753 1070 1917 1108 Romam
1932 1081 2028 1107 con-

1085 1125 1198 1174 fugit.

1137 1180 1250 1216 Anno
1268 1173 1381 1223 1444,
1399 1177 1600 1227 Eugenius
1616 1177 1672 1215 IV
1687 1176 1724 1214 in
1746 1177 1874 1215 locum
1891 1176 2032 1214 Isidori

1084 1232 1202 1269 totius
1223 1231 1392 1269 Russiae
1411 1231 1701 1280 metropolitam
1717 1231 1866 1268 Romae
1883 1241 2024 1267 conse-

1085 1285 1210 1322 cravit
1238 1285 1492 1333 Gregorium,
1521 1285 1583 1333 qui
1613 1283 1779 1321 Kioviae
1809 1283 2022 1321 honorifice

1084 1337 1159 1375 fuit
1187 1341 1413 1386 susceptus;
1439 1337 1506 1375 sed
1535 1349 1610 1374 non
1640 1336 1882 1375 obstantibus
1902 1347 2022 1385 prae-

1063 1393 1195 1428 {cibus
1224 1391 1400 1428 Casimiri
1430 1391 1486 1428 111
1506 1391 1608 1439 regis
1639 1390 1822 1428 Poloniae
1852 1392 1893 1427 et
1913 1389 2024 1428 Casi-

1063 1453 1065 1492 3
1088 1444 1176 1481 miri
1191 1444 1227 1482 II
1239 1444 1371 1493 magni
1392 1444 1501 1481 ducis
1522 1443 1752 1481 Lithuaniae
1771 1443 1879 1480 illum
1900 1443 2027 1480 susci-

1086 1509 1177 1546 pere
1198 1497 1322 1534 noluit
1341 1509 1506 1546 magnus
1525 1497 1602 1534 dux
1624 1496 1846 1534 Moscoviae
1860 1509 1869 1542 ;
1884 1498 1923 1533 et
1938 1496 2024 1545 epi-

1063 1552 1065 1565 ³
1085 1550 1189 1599 scopi
1210 1551 1376 1588 Russiae
1395 1550 1722 1598 septentrionalis,
1742 1549 1851 1586 ducis
1866 1550 2022 1587 manda-

1064 1613 1065 1621 *
1085 1606 1125 1640 to
1145 1616 1206 1641 an.
1233 1604 1334 1640 1447
1354 1603 1575 1641 Moscoviae
1597 1603 1824 1652 congregati
1841 1631 1850 1648 ,
1869 1607 2020 1640 metro-

1086 1656 1245 1705 politam
1274 1657 1476 1705 elegerunt
1504 1656 1661 1702 Ionam,
1691 1655 2023 1704 archiepiscopum

1086 1709 1577 1758 Rezenensem.Gregorius
1594 1710 1752 1758 eiusque
1767 1709 1807 1745 in
1824 1708 1914 1745 sede
1932 1708 2023 1746 Kio-

1087 1763 1209 1800 viensi
1237 1774 1480 1800 successores
1511 1774 1629 1811 usque
1664 1763 1711 1800 ad
1740 1761 1851 1799 initia
1880 1763 2025 1800 saeculi

1064 1824 1066 1839 ³
1086 1816 1193 1861 XVI,
1214 1816 1251 1852 in
1283 1817 1422 1853 unione
1444 1816 1637 1853 catholica
1652 1817 1876 1853 constanter
1890 1826 2028 1864 perse-

1086 1872 1286 1906 verarunt.
1303 1869 1418 1907 Ionas
1438 1880 1530 1906 vero
1550 1870 1712 1918 eiusque
1728 1879 1968 1906 successores
1987 1868 2027 1906 in

1086 1922 1292 1959 schismate
1309 1924 1622 1971 permanserunt,
1633 1926 1671 1960 et
1687 1925 1821 1959 contra
1832 1921 2027 1970 episcopos

1088 1976 1228 2021 unitos,
1248 1975 1369 2013 veluti
1392 1979 1589 2023 apostatas
1617 1979 1656 2013 et
1685 1975 1901 2013 desertores
1920 1974 2024 2022 fidei,

1086 2028 1298 2066 anathema
1316 2028 1577 2066 fulminarunt
1594 2027 1619 2066 ¹.

1139 2082 1197 2118 Ab
1214 2082 1414 2120 enuntiato
1432 2082 1585 2130 imperii
1600 2081 1732 2131 graeci
1744 2080 1907 2126 excidio,
1920 2082 2021 2130 quod

1087 2133 1274 2172 Nicolaus
1310 2135 1378 2184 Pp.
1414 2135 1450 2172 V
1483 2136 1521 2172 in
1551 2137 1631 2172 suis
1659 2135 1706 2172 ad
1727 2134 2023 2172 Constantinum

1088 2188 1362 2236 imperatorem
1392 2188 1534 2226 litteris
1562 2200 1623 2225 an.
1656 2187 1754 2225 1451
1776 2187 1879 2224 intra
1897 2187 2024 2224 trien-

1089 2241 1196 2278 nium
1210 2245 1446 2278 eventurum
1461 2240 1754 2291 significaverat
1767 2244 1795 2287 2,
1811 2252 1950 2277 novam
1976 2253 2022 2278 e-

1090 2294 1257 2343 pocham
1276 2294 1514 2332 inchoamus.

1128 2423 1150 2462 ,¹
1170 2423 1318 2463 Raynaid.
1342 2421 1458 2454 Annal.
1481 2420 1571 2458 eccl.;
1590 2421 1730 2459 Theiner,
1752 2419 1956 2451 Vicissitudes
1985 2419 2024 2452 de

1089 2464 1218 2505 l'quise
1233 2464 1350 2496 cathol.
1370 2463 1422 2494 des
1438 2463 1522 2494 deux
1539 2463 1624 2500 rates,
1643 2467 1698 2493 etc.

1129 2506 1143 2527 9
1158 2507 1200 2536 Ex
1217 2515 1276 2545 quo
1292 2505 1399 2536 Graeci
1426 2513 1575 2544 spernere
1603 2506 1768 2542 coeperunt
1790 2503 1958 2542 Episcopos
1973 2504 2028 2534 Ro-

1088 2556 1206 2584 manos,
1223 2551 1252 2577 et
1269 2547 1474 2577 obedientiam
1489 2546 1632 2582 abiicere,
1645 2548 1772 2584 coeptus
1790 2544 1828 2574 ab
1846 2544 1960 2574 eisdem
1979 2544 2027 2575 di-

1088 2590 1159 2619 vino
1176 2588 1286 2627 spiritu
1304 2588 1393 2618 tactis
1409 2587 1618 2625 praenuntiari
1635 2594 1764 2617 occasus
1781 2585 1903 2624 Imperii
1920 2594 2028 2616 eorum

111 2620 246 2668 iusque
272 2630 465 2657 successor
494 2619 717 2657 Gerasimos
742 2631 816 2656 non
850 2619 977 2656 solum
1009 2631 1048 2655 1n
1066 2627 1069 2671 ¹3
1090 2631 1147 2660 nisi
1165 2629 1301 2660 redirent
1316 2629 1355 2660 ad
1371 2628 1516 2660 officium.
1535 2629 1624 2658 Vates
1641 2628 1758 2666 primus
1775 2626 1803 2657 S.
1831 2628 1900 2661 Leo,
1917 2630 2028 2665 postea

113 2673 253 2710 unione
270 2684 355 2710 cum
377 2673 556 2710 Romana
575 2672 749 2710 Ecclesia
769 2674 1050 2709 conservarunt
1067 2699 1069 2717 l
1090 2672 1119 2703 S.
1133 2671 1310 2711 Gregorius,
1321 2670 1501 2707 deindealfi,
1511 2674 1683 2708 postremus
1696 2667 1836 2698 Nicotaus
1847 2669 1874 2697 V.
1889 2668 1942 2698 Hic
1960 2670 2028 2698 ani-

111 2725 353 2775 metropolim
369 2725 618 2763 Kioviensem
651 2726 717 2762 sed
732 2726 850 2763 etiam
870 2737 1050 2762 revocan-
1066 2722 1069 2749 '¹
1090 2713 1295 2759 movemus,
1310 2712 1539 2758 ⁶⁰⁰⁵¹³¹3ii¹¹¹¹¹¹¹
1556 2711 1576 2740 p
1579 2708 1772 2757 ³.¹·'¹.e⁰¹⁰g¹¹m
1789 2718 1807 2739 ³
1823 2708 2032 2756 9¹⁸⁰¹¹¹⁰¹g³¹¹f

623 2755 632 2771 '
1067 2754 1069 2788 i
1090 2754 1137 2785 dis
1166 2754 1298 2784 decretis
1327 2753 1452 2784 Concssn
1468 2752 1633 2782 Florentim
1659 2750 1826 2789 refugere,
1854 2759 1949 2789 seque
1975 2760 2028 2781 mi-

111 2780 170 2818 djs
198 2780 245 2817 ad
273 2779 448 2816 eamdem
470 2778 648 2816 unionem
669 2778 852 2827 episcopis
881 2779 1048 2816 Russiae
1068 2790 1069 2794 ¹

111 2832 422 2882 septentrionalis
451 2843 609 2881 operam
630 2832 831 2870 dederunt.

161 2887 274 2923 Anno
295 2885 418 2932 1437,
447 2888 533 2935 post
553 2887 717 2922 mortem
737 2884 925 2922 Gerasjmi
949 2884 1050 2922 Kio,
1068 2905 1070 2916 Κ
1092 2887 1137 2916 ne,
1155 2878 1328 2924 etschisma
1351 2877 1472 2922 penitus
1494 2875 1644 2912 aboleret,
1673 2875 1955 2921 Constantinopolis
1981 2884 2030 2905 ex-

1069 2939 1071 2960 ,
1091 2922 1320 2958 pugnationem‚
1337 2925 1589 2955 cverswnemque
1611 2916 1745 2954 Imperii,
1769 2919 1812 2947 uti
1839 2916 1953 2946 dictum
1970 2919 2030 2953 est,

1069 2961 1071 2970 ¹
1091 2961 1171 2990 intra
1188 2961 1349 2990 triennium
1367 2957 1566 2988 denuntiavit.
1584 2956 1648 2987 Viri.
1665 2957 1800 2988 vincent.
1818 2957 1930 2988 Ludov.
1957 2958 2025 2988 Goi-

1068 2975 1072 3038 Ι
1092 3002 1122 3039 ti,
1141 3005 1160 3032 t.
1180 3002 1189 3032 1
1212 3001 1309 3032 Verae
1324 2999 1482 3032 Ecclesiae
1497 3009 1521 3030 c.
1541 2998 1568 3036 7,
1584 3004 1600 3031 ἓ
1616 2997 1643 3037 3,
1659 3007 1688 3029 n.
1704 2997 1753 3029 ⁶20.

1091 2804 1147 2826 nus
1163 2799 1304 2834 paratum
1317 2794 1479 2825 ostendere
1493 2792 1530 2823 ad
1547 2791 1731 2823 servandam
1744 2791 1940 2822 concordiam
1956 2800 2025 2822 cum

1092 2838 1208 2868 Latinis
1224 2839 1346 2874 pactam
1364 2836 1572 2872 iuratamque,
1589 2833 1703 2870 cidem,
1728 2833 1838 2864 uitaret
1860 2833 1890 2863 in
1907 2834 2023 2872 pactio-

153 3005 175 3043 Ι)
191 3005 254 3036 vid.
271 3014 299 3045 p.
317 3003 364 3035 70.

319 3211 558 3254 wou'rERs
572 3242 581 3260 ,
608 3210 653 3251 11.
