2241 3473
261 131 340 169 266
908 138 1068 166 EPOCHA
1095 138 1151 165 VI.

205 206 352 243 tholica
368 206 416 243 de
432 207 568 244 Ssrum
586 204 709 248 cultu,
724 202 975 240 invocatione
993 205 1032 239 et
1046 202 1168 238 inter-

205 259 376 296 cessione
397 259 599 301 fundatur,
620 268 745 304 neque
767 258 826 292 est
849 266 994 292 novum
1014 255 1163 292 Catho-

207 311 374 348 licorum
393 311 672 354 commentum,
687 309 753 345 sed
770 308 895 345 oritur
913 320 962 345 ex
979 307 1169 355 antiquis-

209 364 309 400 sima
329 363 526 399 Ecclesiae
541 361 744 409 disciplina
761 361 911 398 colendi
928 363 969 397 et
986 360 1170 396 invocan-

211 416 246 452 di
269 417 446 460 Sanctos,
467 415 544 461 qui,
566 425 641 450 non
663 414 909 462 privatorum
933 413 1000 450 sed
1021 413 1164 450 Eccle-

209 469 290 506 siae
310 468 452 504 iudicio
474 466 621 504 fuerint
641 467 809 514 probati.

264 522 298 557 A
318 520 451 568 primis
479 520 618 568 quippe
640 520 844 557 Ecclesiae
864 518 1031 557 saeculis
1051 517 1168 555 Chri-

211 573 328 610 stiani
361 575 559 620 martyres
592 584 804 621 eorumque
839 571 1022 620 reliquias
1057 571 1167 608 cultu

213 626 368 674 publico
389 626 648 668 honorarunt,
671 626 725 662 uti
750 625 1014 662 vetustissima
1035 635 1171 660 monu-

211 681 347 715 menta
374 680 587 716 testantur.
619 679 764 715 Postea
790 678 878 727 pari
909 676 1166 714 veneratione

213 731 418 768 coluerunt
434 743 513 777 eos,
524 731 693 780 qui'post
708 732 957 768 heroicarum
975 730 1169 767 virtutum

212 784 447 821 exercitium
473 785 512 821 in
540 796 633 833 pace
663 785 862 829 obierant,
882 782 1171 830 miraculisque

212 837 453 874 claruerant.
484 838 544 875 Ne
574 849 666 874 vero
697 838 760 874 hic
789 838 914 874 honor
943 848 1013 873 seu
1043 836 1172 872 cultus

211 890 459 927 tribueretur
479 890 539 936 iis,
560 891 628 939 qui
649 902 740 927 eum
757 902 831 927 nen
849 890 1174 932 meruissentme·

213 954 320 980 cesse
332 945 478 989 erat,ut
495 944 747 992 praecederet
760 943 958 980 Ecclesiae
971 941 1172 979 iudicium.

216 996 317 1033 Hine
346 1008 460 1033 nemo
482 1009 505 1033 a
524 996 758 1034 Christianis
780 996 818 1032 in
840 996 1076 1032 Sanctorum
1096 1007 1172 1030 nu-

215 1061 323 1086 mero
362 1050 580 1094 colebatur,
619 1050 844 1098 prinsquam
873 1048 956 1085 eius
983 1048 1176 1085 sanctitas

217 1102 480 1139 ecclesiastico
497 1103 642 1140 iudicio
659 1106 759 1139 esset
777 1101 1054 1150 probata.ldeo
1071 1100 1176 1137 Men-

217 1156 360 1201 surius,
381 1156 585 1205 episcopus
606 1154 953 1203 Carthaginensis,
974 1153 1176 1202 prohibuit

217 1209 464 1255 Christianis,
479 1222 525 1246 ne
548 1212 590 1246 ut
609 1211 808 1257 martyres
828 1207 1003 1245 colerent
1018 1218 1097 1252 eos,
1112 1206 1178 1254 qui

218 1264 356 1310 sponte
377 1274 510 1299 coram
540 1262 705 1299 ethnicis
727 1261 909 1310 professi,
931 1272 972 1297 se
992 1260 1175 1307 Scriptu-

218 1326 283 1352 ras
303 1315 461 1360 habere,
479 1315 580 1351 nolle
596 1318 727 1352 tamen
745 1315 917 1359 tradere,
933 1313 1092 1350 fuerant
1108 1324 1175 1349 oe-
1197 1330 1198 1345 1

219 1368 287 1404 cisi
306 1366 329 1403 ¹.
352 1368 442 1405 [deo
463 1368 718 1413 Caecilianus,
739 1367 1038 1404 archidiaconus
1061 1365 1176 1402 Men-

218 1420 342 1465 surii,
376 1421 616 1458 Ludmillam
650 1420 922 1469 reprehendi&
955 1419 1057 1468 quod
1088 1420 1199 1455 ante*

220 1475 533 1510 communionem
572 1474 821 1511 oscularetur
856 1484 943 1510 ossa
977 1472 1178 1508 cuiusdam

220 1526 285 1563 vel
305 1538 380 1563 non
407 1527 597 1576 martyris
620 1528 681 1563 vel
704 1538 779 1563 non
803 1527 846 1562 ut
867 1526 957 1562 talis
978 1524 1133 1573 probati
1152 1522 1166 1543 2

221 1580 313 1616 ldeo
333 1591 363 1616 s.
384 1580 594 1617 Anselmus
611 1578 625 1600 3
646 1580 790 1627 aliique
812 1578 979 1627 episcopi
999 1578 1179 1625 aliquan-

222 1633 269 1669 do
298 1633 544 1670 sustulerunt
569 1633 741 1678 cultum,
763 1643 896 1668 errore
918 1631 1051 1679 populi
1073 1643 1178 1667 nun-

222 1686 342 1722 nullis
361 1688 565 1734 tamquam
587 1687 712 1723 beatis
732 1685 922 1722 tributum
939 1683 966 1720 4.

277 1738 391 1775 Omni
414 1739 536 1788 igitur
556 1743 734 1788 tempore
755 1738 890 1775 extitit
910 1739 1041 1774 certus
1062 1748 1182 1774 cano-

224 1791 375 1828 nizandi
398 1792 508 1838 ritus,
531 1793 596 1841 qui
620 1792 837 1840 antiquitus
859 1790 1086 1839 simplicior,
1112 1801 1182 1838 po-

225 1848 310 1881 stea
336 1844 514 1892 pluribus
540 1845 857 1883 solemnitatibus
887 1847 1024 1881 auctus
1045 1845 1116 1880 est.
1139 1843 1181 1878 ln

225 1898 360 1946 primis
383 1899 520 1935 Ssrum
538 1898 633 1943 vita,
650 1898 830 1944 virtutes,
848 1897 1036 1934 miracula
1053 1895 1183 1943 inqui-

226 1951 416 1988 rebantur
445 1954 484 1988 et
513 1951 851 1996 discutiebantur,
882 1952 921 1987 et
950 1950 1185 1986 audiebatur

227 2003 417 2041 iudicium
447 2004 760 2041 ecclesiasticum
778 2034 786 2049 ,
808 2015 883 2051 quo
906 2002 981 2040 illis
1003 2000 1183 2051 publicus

227 2056 375 2102 cultus,
404 2056 514 2093 cuius
544 2057 701 2094 initium
732 2057 770 2093 in
803 2056 1024 2093 elevatione
1050 2066 1185 2092 eorum

230 2121 435 2158 corporum
457 2110 718 2155 consistebat,
740 2110 1039 2146 decernebatur.
1071 2108 1185 2144 Hunc

228 2162 375 2199 cultum
411 2162 609 2210 publicum
645 2163 813 2211 episcopi
849 2162 1111 2198 decernebant
1147 2160 1184 2196 in

229 2215 310 2252 suis
339 2215 582 2253 dioecesibus
596 2245 604 2260 ,
625 2219 787 2263 eratque
808 2215 956 2263 species
978 2214 1187 2251 canoniza-

229 2269 348 2306 tionis
369 2268 619 2317 particularis
636 2281 701 2305 scu
719 2269 848 2316 potius
864 2267 1186 2312 beatificationis3

230 2333 352 2368 quae,
370 2322 460 2358 dum
479 2322 646 2358 aliorum
665 2323 933 2369 episcoporum
960 2320 1187 2368 approbatio
1208 2319 1209 2334 ³

232 2375 480 2422 Romanique
502 2374 704 2411 Pontiticis
726 2384 936 2421 expressus
959 2373 1020 2409 vel
1042 2372 1188 2408 tacitns

232 2439 440 2464 consensus
471 2428 705 2472 accedebat,
732 2428 854 2463 tiebat
883 2425 1119 2462 universalis
1151 2426 1190 2460 ct

232 2481 424 2517 rationem
470 2479 774 2517 canonizationis
827 2479 1057 2526 accipiebat.
1102 2478 1189 2514 Ra.

233 2533 373 2582 quippe
403 2533 615 2570 Pontifices
642 2541 724 2569 lum
748 2534 840 2568 ante
861 2537 945 2567 tuni
969 2534 1053 2579 post
1075 2530 1191 2567 Ioan-

236 2598 324 2623 nem
348 2587 422 2624 XV
444 2586 482 2622 in
505 2585 756 2623 decernendo
777 2584 1034 2632 martyribus,
1047 2585 1086 2619 ct
1106 2595 1190 2619 con-

236 2639 447 2676 sessoribus
469 2640 580 2676 cultu
603 2650 799 2676 samnium
821 2638 992 2674 habuere
1014 2637 1085 2672 ius.
1111 2636 1191 2672 Po-

236 2696 321 2729 stea
342 2692 566 2730 Alexander
587 2692 641 2728 Ill
666 2691 808 2739 aliique
831 2690 1011 2737 deinceps
1033 2688 1192 2725 l’ontili-

238 2757 302 2782 ces
323 2746 511 2793 gravibus
533 2745 726 2792 iustisque
747 2745 793 2780 ‹le
815 2743 943 2780 causis
966 2742 1024 2778 ius
1045 2742 1192 2777 beatisi-

237 2799 348 2835 candi
371 2801 411 2835 ct
431 2797 686 2835 canonizandi
707 2809 840 2834 servos
860 2795 929 2832 Dei
947 2794 1192 2843 Apostolicae

237 2851 327 2887 Sedi
350 2856 615 2888 reservarunt.
640 2850 786 2887 Notum
806 2852 937 2885 autem
956 2853 1027 2891 cst,
1044 2851 1192 2896 quanta

236 2904 448 2941 severitate
488 2903 664 2941 Ecclesia
702 2902 891 2940 iudicium
926 2901 1109 2938 instituat
1145 2900 1191 2935 de

282 3020 335 3050 ¹8.
356 3021 529 3059 Angustia.
549 3019 708 3051 ericul.
728 3018 831 3049 amun
852 3018 899 3053 ΙΙΙ,
918 3026 943 3048 c.
965 3016 1009 3049 l3
1026 3026 1053 3048 n.

279 3060 341 3091 ⁶²1).
360 3064 460 3100 0111!
480 3061 655 3092 Milwilan..
675 3060 964 3091 (’·υιι[νιι1ἀνηιυη.
982 3059 998 3088 l.
1018 3060 1038 3095 Ι
1055 3017 1150 3089 :516

281 3102 429 3142 Mamm..
425 3102 472 3139 »,1
491 3103 508 3132 Ι.
525 3103 555 3133 3.

273 3144 295 3188 ⁴¹
313 3145 467 3214 (llkliupns,
485 3143 601 3174 Aulioi.
620 3142 660 3174 ad
690 3142 732 3175 IV
749 3141 868 3175 Ceneit.
893 3142 1032 3172 luminu.
1047 3165 1055 3179 ,
1076 3150 1098 3170 κ.
1119 3139 1193 3172 Leo-

242 3194 291 3215 ‘ele-s·
332 3209 338 3215 .
359 3209 363 3214 ,

1181 139 1209 165 A
1237 138 1393 165 CAROLO
1421 139 1464 166 M.

1212 202 1428 250 praeclaris
1457 213 1524 239 seu
1553 201 1720 239 heroicis
1748 201 1965 240 virtutibus
1986 203 2026 239 et
2043 201 2170 240 mira-

1211 255 1308 292 culis
1330 266 1480 299 eorum,
1498 255 1544 291 de
1561 266 1726 302 quorum
1747 255 2038 292 canonizatione
2054 265 2170 303 quae-

1211 307 1324 352 ritur,
1346 310 1386 344 et
1405 306 1552 344 nemini
1569 307 1705 344 Ssrum
1723 307 1888 345 honores
1904 308 2104 353 decernat,
2121 309 2169 344 de

1211 361 1326 397 cuius
1345 361 1557 397 sanctitate
1577 363 1664 408 post
1685 359 2023 408 diligentissimam
2044 360 2170 408 inqui-

1213 413 1394 450 sitionem
1416 424 1492 449 non
1513 415 1665 449 constet
1682 412 1706 450 ¹.
1904 455 1913 462 ,

1270 466 1356 503 107.
1378 466 1584 502 Ecclesiae
1604 470 1738 502 statas
1759 466 1805 501 in
1826 465 2041 513 Hispania
2056 488 2108 493 —-
2125 466 2171 502 In

1215 518 1405 566 Hispania
1421 521 1508 566 post
1522 518 1732 554 Ramirum
1749 518 1784 554 II
1803 518 1862 554 ab.
1879 530 1940 555 an.
1958 519 2037 556 950
2054 530 2173 566 usque

1215 571 1262 608 ad
1275 571 1353 609 955
1370 571 1553 619 regnavit
1563 569 1747 608 Ordinius
1763 571 1833 616 HI,
1844 570 1948 608 filius
1963 571 2060 609 eius.
2072 571 2173 608 Huic

1215 624 1404 661 successit
1424 624 1605 661 Sanctius
1627 624 1656 669 Ι,
1677 623 1802 661 frater
1823 623 1919 660 eius.
1937 624 2088 661 Verum
2108 623 2172 660 in-

1214 679 1277 713 ter
1297 677 1534 714 christianos
1555 677 1770 725 Hispaniae
1792 676 1999 724 principes,
2019 677 2085 725 qui
2107 688 2172 713 an-

1215 733 1278 766 tea
1299 730 1451 767 collatis
1473 729 1623 767 viribus
1644 741 1712 777 pro
1729 729 1879 778 patriae
1896 732 1936 766 et
1950 729 2172 779 Religionis

1216 783 1395 819 libertate
1427 787 1467 820 et
1496 782 1719 819 defensione
1749 786 1887 819 contra
1907 783 2068 820 Mauros
2086 793 2174 819 cer-

1214 838 1414 881 taverant,
1426 835 1500 872 iam
1519 835 1649 872 enasci
1665 837 1879 884 coeperunt
1895 835 2172 873 dissensiones,

1217 888 1503 933 Ferdinandus,
1524 899 1652 925 comes
1671 887 1879 934 Castellae,
1895 888 2100 925 Sanctium
2118 899 2177 924 re-

1216 952 1302 989 gem
1330 941 1560 978 deturbavit
1587 943 1626 978 et
1646 941 1684 977 in
1707 942 1790 978 eius
1820 941 1949 978 locum
1970 939 2174 979 constituit

1216 994 1446 1039 Ordonium,
1458 994 1647 1042 Alphonsi
1664 994 1717 1031 IV
1733 993 1871 1040 filium,
1883 994 1951 1042 qui
1967 993 2176 1038 Urracam,

1218 1047 1457 1084 Ferdinandi
1478 1058 1665 1092 sororem,
1687 1047 1854 1084 duxerat
1876 1058 2052 1084 uxorem.
2073 1047 2177 1084 San-

1219 1100 1322 1137 ctius
1343 1099 1519 1147 confugit
1540 1100 1589 1136 ad
1609 1100 1806 1137 Abderam
1819 1129 1828 1145 ,
1848 1098 2005 1137 calisam
2024 1099 2177 1138 Cordu—

1219 1154 1373 1190 bensem
1391 1183 1399 1198 ,
1430 1153 1590 1201 eiusque
1621 1164 1691 1201 ope
1712 1164 1881 1201 regnum
1912 1152 2183 1202 recuperavit.

1220 1208 1291 1243 An.
1314 1206 1390 1244 967
1414 1207 1573 1243 Sanctio
1595 1206 1611 1242 Ι
1633 1206 1820 1243 successit
1841 1206 2029 1244 Ramirus
2045 1206 2122 1251 III,
2138 1204 2178 1242 fi-

1220 1260 1294 1296 lius
1315 1259 1399 1296 eius
1422 1259 1896 1307 quinquennis,Theresia
1916 1261 2042 1297 matre
2063 1261 2104 1296 et
2118 1257 2180 1295 El-

1222 1313 1308 1349 vira
1328 1312 1451 1349 amita
1466 1312 1561 1357 eius,
1577 1323 1744 1360 magnae
1762 1312 1994 1360 prudentiae
2010 1311 2178 1356 feminis,

1197 1406 1199 1417 Ι
1222 1377 1386 1413 regnum
1409 1362 1787 1402 administrantibus.
1811 1366 1854 1402 In
1875 1365 2063 1402 Navarra
2084 1375 2179 1401 vero

1198 1453 1199 1468 χ
1224 1419 1270 1455 ab
1292 1430 1352 1455 an.
1374 1419 1452 1456 925
1470 1430 1591 1466 usque
1607 1418 1654 1454 ad
1671 1418 1749 1456 970
1765 1417 1948 1467 reguavit
1967 1418 2129 1455 Garsias
2149 1417 2181 1463 Ι,

1222 1483 1338 1520 quem
1359 1482 1420 1508 an.
1438 1471 1516 1508 970
1528 1471 1681 1519 excepit
1700 1471 1882 1508 Sanctius
1896 1471 2057 1508 IL-At
2067 1469 2182 1507 comi-

1171 1554 1178 1561 .
1224 1528 1284 1562 tes
1305 1523 1745 1567 Castellae,Gallaeciae
1761 1526 1801 1560 et
1810 1523 1993 1572 Legionis
2011 1535 2034 1560 a
2049 1521 2184 1560 Rami-

1225 1589 1268 1614 ro
1290 1588 1379 1625 rege
1401 1577 1455 1613 III
1484 1576 1725 1619 defecerunt,
1745 1579 1785 1613 et
1804 1577 2102 1613 Veremundum
2123 1575 2184 1620 ΙΙ,

1224 1630 1382 1667 Ordonii
1413 1630 1469 1666 Ill
1496 1629 1643 1674 filium,
1673 1641 1807 1677 regem
1841 1630 2053 1675 crearunt,
2082 1629 2184 1666 unde

1224 1683 1370 1720 belluni
1400 1682 1516 1719 civile
1537 1686 1698 1719 enatum
1726 1684 1794 1719 est.
1809 1682 1918 1719 Bello
1939 1681 2063 1728 civili,
2082 1692 2185 1719 anno

1200 1757 1202 1780 i
1224 1737 1302 1773 982
1323 1740 1449 1772 morte
1471 1735 1624 1772 Ramiri
1645 1735 1835 1780 extincto,
1853 1735 2018 1772 accessit
2037 1734 2187 1772 bellum

1224 1789 1457 1827 Mauricum.
1479 1788 1529 1825 Al
1545 1789 1717 1834 Manzor,
1737 1787 1972 1825 Maurorum
1993 1787 2186 1836 princeps,

1226 1842 1529 1880 christianorum
1544 1841 1762 1890 principum
1776 1841 2082 1879 dissensionibus
2095 1851 2186 1878 usus

1226 1896 1263 1932 in
1280 1907 1414 1932 eorum
1432 1895 1613 1943 regiones
1626 1894 2001 1943 irrupit,Legionem
2013 1893 2186 1942 aliasque

1227 1948 1510 1986 munitissimas
1535 1949 1651 1984 urbes
1672 1947 1774 1996 cepit
1793 1949 1833 1984 et
1851 1947 2045 1992 vastavit,
2068 1945 2187 1984 Chri-

1228 2002 1376 2039 stianos
1398 2002 1541 2038 multos
1562 2001 1704 2046 caedit,
1726 2000 1823 2037 alios
1839 2000 1877 2037 in
1896 2002 2046 2037 montes
2062 2000 2188 2036 Astu-

1229 2055 1312 2092 riae
1334 2058 1374 2091 et
1395 2054 1620 2091 Gallaeciae
1642 2053 1822 2101 fugavit,
1851 2053 2040 2101 posthaec
2073 2062 2188 2089 exer-

1229 2109 1350 2145 citum
1374 2108 1487 2144 duxit
1506 2109 1544 2143 in
1564 2107 1598 2143 N
1603 2117 1786 2143 avarram
1802 2135 1810 2151 ,
1827 2105 2032 2142 Sanctinm
2055 2115 2187 2153 regem

1230 2159 1437 2209 superavit
1466 2161 1505 2196 ct
1532 2159 1569 2195 in
1594 2158 1729 2206 fugam
1751 2159 1857 2206 egit3
1881 2158 2022 2195 deinde
2044 2157 2190 2195 invasit

1233 2213 1475 2251 Gallaeciam
1495 2242 1504 2257 ,
1544 2211 1706 2259 eiusque
1742 2212 1860 2248 urbes
1897 2210 2163 2249 Conimbriam
2180 2238 2190 2255 ‚

1208 2308 1209 2313 ¹
1231 2265 1534 2313 Compostellam
1568 2268 1607 2301 et
1629 2265 1727 2301 alias
1749 2264 2000 2309 devastavit3
2021 2274 2191 2312 occupa-

1232 2320 1290 2356 vit
1325 2319 1444 2355 etiarn
1475 2317 1697 2354 Castellain.
1722 2318 1889 2354 Deniuxn
1916 2317 2192 2354 veremundus

1209 2403 1210 2407 ,
1234 2384 1303 2409 rex
1322 2401 1330 2417 ,
1361 2371 1522 2407 Garsias
1558 2382 1686 2407 coines
1717 2371 1913 2407 Castellae
1942 2373 1983 2407 et
2011 2369 2192 2406 Sanctius

1234 2436 1303 2462 rex
1346 2423 1554 2461 Navarrae
1570 2453 1579 2467 ,
1609 2423 1704 2459 inito
1735 2422 1890 2460 foedere
1911 2426 1950 2460 et
1971 2422 2188 2460 coniunctis

1236 2478 1401 2522 viribus,
1433 2476 1592 2513 Mauros
1609 2476 1783 2524 aggressi
1805 2478 1912 2521 sunt,
1933 2478 1972 2513 et
1993 2477 2080 2523 post
2099 2485 2188 2512 acre

1211 2540 1213 2556 ⁸
1235 2532 1433 2566 certamen
1457 2541 1521 2565 cos
1542 2542 1642 2565 anno
1663 2530 1741 2567 998
1771 2529 1961 2566 vicerunt..
1983 2528 2192 2565 Verumta-

1236 2595 1324 2619 nicn
1356 2583 1414 2618 liis
1436 2581 1544 2617 bellis
1565 2583 1669 2619 mala
1690 2583 1868 2629 ingentia
1883 2581 2058 2619 ecclesiis
2077 2580 2191 2617 illata

1237 2637 1349 2679 sunt,
1371 2639 1410 2671 ct
1440 2635 1642 2672 christiani
1678 2635 1871 2683 principes
1901 2647 1976 2672 non
2007 2634 2081 2671 nisi
2102 2634 2190 2682 post

1236 2688 1367 2737 plures
1389 2700 1509 2724 annos
1540 2689 1726 2736 pluraque
1756 2687 1973 2726 certamina
2002 2698 2064 2724 res
2093 2697 2186 2724 suas

1239 2741 1512 2778 restituerunt.

1293 2794 1380 2830 los.
1405 2793 1633 2840 (r'rcssore'as
1659 2794 1693 2829 V
1710 2793 1908 2842 Pontifex
1926 2793 2011 2842 (an.
2041 2790 2191 2840 996)-
2238 2809 2241 2815 ·

1242 2848 1395 2894 l'oshpr
1390 2858 1451 2883 nn
1471 2848 1520 2882 lo·
1514 2859 1634 2883 amns
1653 2847 1720 2895 Pp.
1739 2846 1815 2883 XV
1837 2858 1857 2882 e
1878 2847 1959 2883 vita
1990 2845 2190 2893 migravit,

1240 2912 1326 2947 pro=
1332 2912 1416 2935 cres
1438 2900 1551 2936 Roni
1554 2900 1619 2941 nii
1631 2911 1749 2947 quum
1771 2911 1815 2935 eo
1836 2901 2010 2957 tempore
2032 2898 2123 2934 Otto
2141 2895 2197 2934 ΙΙΙ

1241 2954 1276 2988 in
1296 2953 1329 2989 Ii
1333 2952 1449 2989 aliam
1471 2952 1708 2999 advenisset,
1725 2951 1956 2989 sententiam
1974 2950 2058 2988 eius
2076 2950 2124 2988 de
2147 2961 2192 2987 e-
2237 2953 2241 2976 ¹

1874 3017 1897 3042 ’
2190 3010 2241 3473 l

1283 3056 1289 3077 ¹
1309 3058 1345 3087 (Ἰ
1357 3058 1394 3086 Ιιι
1399 3057 1510 3087 indict.
1530 3056 1616 3093 xlv
1639 3055 1680 3086 De
1697 3064 1864 3086 serrorum
1883 3054 1941 3086 Dei
1959 3054 2064 3094 beatis
2055 3053 2194 3085 acutione

1241 3099 1544 3134 ιΙειιηυηὶιιιΗυηΡς
1563 3096 1836 3135 Malnll‹)11‚l’1·aef.
1853 3106 1937 3127 saec.
1947 3095 1975 3127 V.
1982 3054 2097 3127 Bened.
2115 3094 2198 3131 n.;99

1242 3140 1430 3178 Ιί··τ.ψι1ηι)(1ι
1463 3140 1510 3168 De
1535 3138 1734 3168 solemnium
1760 3137 2052 3168 canonizationmn
2092 3135 2196 3167 initiis

1242 3183 1336 3221 ‹ilqm
1351 3178 1797 3220 pr·‹›511essehus‚biss.xxia
1818 3178 1943 3210 Curiata.
1959 3178 2076 3210 chron.
2096 3176 2170 3208 hist.
