2241 3473
249 121 328 161 216

249 199 542 249 Amplissimum
572 209 686 246 porro
706 198 791 234 erat
802 196 938 235 Caroli
956 196 1009 234 M.
1031 196 1147 245 impe-

195 252 310 299 rium3
325 254 362 289 in
379 264 448 289 sua
463 252 602 300 quippe
614 252 806 299 potestate
822 250 980 287 tenebat
997 250 1146 287 univer-

195 317 278 342 sam
299 306 480 350 Galliam,
500 304 539 340 in
560 304 749 352 Hispania
769 303 955 351 quidquid
975 303 1146 340 occurrit

195 371 218 396 a
248 358 437 407 Pyreneis
466 368 587 405 usque
618 358 664 393 ad
686 356 856 403 Iberum,
877 357 916 393 in
939 356 1052 393 Ita!ia
1072 356 1145 404 pri-

193 423 298 448 scam
328 411 512 447 ditionem
543 410 877 458 Longobardicam
898 421 985 447 cum
1007 409 1142 456 Istria,

194 464 382 501 Liburnia
402 465 441 500 et
460 463 588 500 insula
607 464 775 510 Corsica3
796 475 865 512 per
881 463 1143 508 Germaniam,

192 517 372 559 Frisiam,
393 516 617 563 Saxoniam,
633 517 807 565 aliasque
827 516 1008 565 regiones
1027 516 1144 565 impe-

192 570 239 606 rii
259 570 319 606 sui
339 570 437 607 fines
459 570 622 619 protulit
641 582 761 618 usque
782 571 830 607 ad
851 571 1047 615 Eideram,
1063 581 1141 607 ma-

193 635 234 659 re
254 623 450 661 Baltieum
464 654 472 669 ,
496 624 644 670 Albim,
665 624 886 661 Arabonam
908 630 948 660 et
966 623 1139 660 Adriam.

191 677 319 714 Tanta
338 679 423 714 erat
443 677 609 715 nominis
628 678 711 715 eius
732 677 848 722 fama,
869 679 911 714 ut
932 677 1142 714 Saraceno-

191 741 278 767 rum
308 730 424 768 califa
444 731 845 769 Aaron-al—Raschid
864 742 951 768 eum
971 730 1140 780 legatio-

190 784 305 821 nibus
325 785 626 834 muneribusque
646 784 867 831 honorarit,
887 784 1089 833 missisque
1110 795 1138 821 s.

188 836 364 886 Sepulcri
387 839 560 876 clavibus
582 840 621 876 et
641 839 784 876 vexillo
805 838 1019 876 dominium
1039 837 1140 875 8.Ξο-

186 891 312 939 pulcri
333 891 610 930 constitueritl.

239 945 402 983 Carolus
419 948 610 995 potestate
627 958 698 984 sua
715 946 762 983 ad
779 945 997 995 Religionis
1014 948 1053 983 et
1068 945 1141 983 rei-

186 998 366 1046 publicae
395 1001 695 1049 prosperitatem
726 1012 820 1037 usus
848 1003 916 1037 est.
940 999 1046 1037 Nihil
1065 1012 1137 1037 ne-

185 1052 310 1100 glexit
330 1065 477 1100 eorum,
499 1066 598 1102 quae
619 1057 732 1091 erant
751 1054 933 1102 principis
953 1053 1137 1091 christia-

186 1106 243 1149 ni,
275 1109 318 1144 ut
347 1107 495 1145 subacti
524 1108 652 1156 populi
683 1108 839 1145 barbari
868 1108 916 1145 ab
946 1107 1136 1144 idolorum

185 1160 293 1197 cultu
324 1163 363 1198 et
390 1173 511 1199 saeva
539 1162 697 1199 vivendi
726 1162 878 1199 ratione
908 1161 957 1198 ad
977 1161 1136 1209 religio-

184 1225 270 1250 nem
293 1214 544 1252 christianam
567 1217 606 1252 et
627 1215 750 1252 vitam
767 1215 1036 1252 humaniorem
1054 1227 1137 1264 per-

184 1267 432 1305 ducerentur.
463 1268 658 1306 Ecclesias
681 1272 720 1305 et
739 1268 975 1306 monasteria
994 1280 1135 1305 mune-

185 1321 293 1358 ribus
323 1324 362 1359 et
382 1322 597 1371 privilegiis
619 1323 830 1360 decoravit.
852 1323 1007 1364 Quanta
1026 1323 1134 1359 solli—

183 1374 356 1412 citudine
386 1376 612 1413 interiorem
632 1376 785 1425 imperii
807 1378 954 1413 statum
975 1388 1134 1424 compo-

184 1430 320 1475 suerit,
340 1432 492 1467 constat
513 1442 560 1467 ex
582 1430 663 1467 cius
685 1429 946 1478 Capitulariis.
970 1430 1135 1468 Condita

181 1485 272 1519 sunt
291 1483 386 1519 haec
406 1483 647 1532 Capitularia
666 1483 702 1520 in
725 1483 891 1520 comitiis
911 1486 997 1520 tum
1018 1484 1138 1520 eccle-

178 1535 445 1583 siasticorum,
475 1537 740 1586 episcoporum
770 1540 810 1573 et
838 1538 997 1574 abatum
1015 1567 1024 1582 ,
1051 1539 1133 1574 tum

176 1589 378 1637 laicorum,
400 1602 617 1640 procerum3
638 1591 723 1628 ideo
741 1592 780 1628 et
796 1590 1079 1628 ecclesiasticas
1095 1594 1134 1627 et

175 1643 309 1681 civiles
339 1643 445 1692 leges
467 1645 793 1693 complectuntur.
816 1644 895 1681 Eae
916 1647 1049 1682 autem
1070 1644 1131 1681 le-

176 1708 268 1745 ges,
298 1709 395 1746 quae
425 1698 472 1735 ad
503 1698 788 1736 ecclesiasticas
808 1709 992 1746 personas
1013 1701 1052 1736 et
1071 1710 1132 1736 res

175 1753 365 1799 spectant,
387 1751 596 1800 pleraeque
619 1755 829 1801 excerptae
849 1755 943 1789 sunt
962 1764 983 1789 e
1003 1752 1132 1790 Conci-

177 1803 323 1841 liorum
351 1805 564 1843 canonibus
596 1809 635 1844 et
663 1805 899 1843 Pontificum
929 1805 1132 1845 decretis2.

179 1858 234 1894 Ut
255 1863 385 1895 autem
406 1859 511 1908 leges
530 1871 664 1897 sacrae
686 1862 726 1897 et
745 1859 880 1897 civiles
902 1860 1043 1908 ubique
1064 1872 1134 1897 cu-

178 1911 440 1958 stodirentur,
469 1925 539 1962 per
567 1913 787 1962 provincias
816 1913 1016 1951 constituti
1044 1917 1134 1951 sunt

178 1965 302 2001 Missi
319 1966 529 2014 dominici,
551 1967 662 2004 electi
683 1979 731 2004 ex
748 1967 923 2015 utrisque
945 1967 1132 2005 ecclesia-

178 2018 366 2056 sticorum
396 2021 435 2057 et
463 2020 652 2057 laicorum
682 2032 888 2070 procerum
917 2020 1131 2058 ordinibus.

178 2071 227 2108 Hi
259 2073 305 2109 de
333 2073 462 2121 legum
493 2074 745 2112 observantia
774 2074 811 2112 in
834 2074 1065 2122 provinciis,
1085 2075 1131 2112 de

177 2125 386 2174 episcopis,
406 2127 630 2174 abbatibus,
651 2128 864 2176 monachis,
886 2128 1131 2177 magistrati-

176 2179 247 2216 bus
267 2182 307 2216 et
326 2179 412 2217 aliis
427 2210 436 2227 ,
456 2181 503 2217 de
532 2193 664 2218 eorum
686 2182 788 2220 inter
807 2194 849 2220 se
869 2182 1075 2220 concordia
1095 2185 1133 2220 et

174 2232 343 2270 dissidiis
358 2263 367 2280 ‚
388 2234 435 2271 de
456 2234 685 2272 criminibus
706 2236 967 2285 inquirebant,
988 2248 1131 2285 quer&

175 2285 232 2323 las
252 2286 512 2336 excipiebant,
533 2291 573 2325 et
589 2290 793 2336 quotannis
813 2289 1022 2338 legationis
1038 2302 1130 2327 suae

175 2340 366 2378 rationem
403 2340 441 2377 in
473 2342 638 2380 comitiis
667 2343 883 2380 reddebant
899 2340 924 2380 ³.
957 2343 1129 2381 Littera-

173 2405 257 2430 rurn
272 2424 281 2440 ,
302 2394 554 2432 scientiarum
586 2399 624 2433 et
652 2397 797 2433 artium
825 2397 994 2434 studium
1015 2400 1130 2445 atque

174 2448 370 2485 culturam
393 2447 556 2486 Carolus
574 2449 777 2499 insigniter
794 2451 1000 2497 promovit,
1017 2450 1053 2487 in
1074 2463 1130 2488 ur-

172 2501 285 2539 bibus
314 2503 353 2539 ct
381 2502 492 2550 pagis
521 2503 672 2540 scholas
700 2504 928 2541 excitandas
950 2504 1128 2551 curavit3

175 2566 262 2592 curn
284 2555 476 2604 episcopis
497 2559 535 2593 ct
555 2556 761 2594 abbatibus
778 2557 859 2603 egit
876 2562 918 2595 ut
933 2558 1130 2606 erigeren-

172 2610 238 2645 tur
266 2621 315 2646 ss.
346 2608 586 2647 Litterarum
616 2610 657 2648 ct
684 2610 935 2647 scientiarum
975 2611 1129 2648 scholae

174 2662 209 2698 in
233 2662 406 2700 ecclesiis
428 2663 720 2701 cathedralibus
743 2670 781 2701 et
800 2664 1060 2709 monasteriis3
1078 2665 1128 2701 bi-

175 2716 390 2753 bliothecas
411 2717 622 2755 existentes
643 2717 775 2762 auxit,
796 2729 993 2766 novasque
1016 2729 1127 2754 crea-

175 2769 251 2814 vit,
273 2770 378 2807 viros
399 2771 572 2809 eruditos
593 2771 820 2809 nominatim
841 2771 1033 2808 celebrem
1055 2771 1126 2808 Al-

172 2822 326 2859 cuinum
345 2823 381 2860 in
400 2836 567 2874 regnum
583 2837 696 2863 suum
713 2825 905 2872 evocavit,
919 2825 1126 2874 magistros

215 2998 222 3018 ¹
243 3000 414 3037 liginhnrd.
438 2998 509 3031 Vim
527 2999 635 3032 Caroli
652 3001 700 3038 M,
721 3001 865 3033 Monarh.
883 3002 1019 3043 Enqolis.

213 3041 227 3062 ‘2
247 3040 461 3083 Capilularz'a
474 3043 573 3072 Caroli
590 3044 625 3073 Μ,
641 3044 834 3081 collegerunt
849 3049 879 3075 cl
895 3046 1052 3076 mlidcrunl
1069 3046 1126 3076 An·

172 3084 296 3121 segisns
315 3083 413 3113 abbas
431 3086 458 3113 cl
477 3084 661 3115 llrncdirlus
678 3086 828 3116 diaconus
845 3096 928 3118 saec.
945 3087 1000 3122 lx;
1018 3087 1124 3118 vadem

169 3137 205 3158 :10
226 3124 437 3166 capitularia
454 3125 581 3155 aliorum
601 3135 707 3166 regum
727 3128 916 3159 Francorum
934 3134 1043 3169 postca
1059 3129 1124 3160 edi-

170 3169 212 3200 dit
229 3167 381 3203 nannius,
399 3167 496 3197 l'nris.
519 3167 607 3203 11177,
624 3168 643 3197 2
661 3169 719 3199 vol.
737 3168 837 3200 in·l'ol.

212 3212 225 3230 ³¹
245 3208 426 3250 capitular.
443 3208 460 3238 l.
481 3209 527 3247 lV,
544 3219 568 3239 c.
587 3209 633 3239 67.

891 131 1049 159 EPOCHA
1076 131 1131 158 VI.
1160 131 1188 159 A
1215 130 1370 159 CAROLO
1398 132 1442 160 M.

1188 197 1401 244 constituit,
1420 196 1593 245 praemio
1613 197 1653 233 et
1671 196 1816 235 honore
1831 195 1996 236 affecit¹.
2014 197 2144 240 Quan-

1187 252 1229 287 ta
1256 252 1389 287 autem
1410 250 1673 287 emolumenta
1691 250 1781 288 inde
1799 251 1838 287 in
1858 251 2082 289 litterarum
2102 254 2143 290 et

1190 303 1441 340 scientiarum
1471 303 1666 340 culturam
1695 306 1735 340 et
1755 305 2053 353 prosperitatem
2072 316 2142 342 re-

1188 356 1412 403 dundarint,
1428 356 1592 405 quisque
1610 355 1724 393 facile
1740 357 1898 405 colligit3
1915 362 1954 395 et
1969 361 2030 395 sat
2044 370 2144 395 eom-

1187 410 1351 457 probant
1371 410 1446 447 viri
1466 409 1583 455 docti,
1604 409 1644 446 in
1666 410 1725 447 his
1739 410 1878 448 scholis
1893 411 2071 459 instituti,
2088 411 2144 448 in-

1186 464 1247 500 ter
1281 474 1378 511 quos
1411 464 1621 512 Theganus
1651 464 1851 511 episcopus
1880 464 2141 512 Trevirensis,

1185 515 1405 554 Nithardus
1439 518 1580 562 abbas,
1610 516 1859 554 Walafridus
1878 517 2038 565 Strabo,
2058 519 2141 556 Pa-

1185 570 1360 608 schasius
1389 570 1636 617 Radbertus,
1665 570 1852 607 Rabanus
1881 570 2063 619 Maurus,
2093 584 2139 610 a-

1184 622 1313 671 liique.

1239 676 1298 714 14.
1320 676 1481 725 Synodz‘
1499 677 1712 714 Gallici—
1729 676 1803 714 An.
1819 676 1896 714 802
1910 675 2070 715 Carolus
2085 679 2139 716 M.

1182 741 1251 778 pro
1267 730 1464 767 communi
1482 729 2140 780 omniumimperiiordinumrefor-

1182 783 1351 821 matione
1368 786 1601 821 conventum
1617 783 1841 833 generalem
1857 783 1999 821 indixit
2015 784 2139 833 Aqui-

1182 837 1324 885 sgrani.
1347 838 1391 874 In
1411 849 1474 882 eo,
1495 839 1580 886 post
1602 838 1833 886 praestitum
1853 837 2079 887 imperatori
2100 837 2141 875 fi-

1183 889 1244 926 dei
1265 892 1574 935 sacramentum,
1596 890 1699 928 lecta
1718 893 1809 928 sunt
1827 890 2086 929 Conciliorum
2101 893 2142 929 et

1185 943 1421 981 Pontificum
1451 945 1631 989 decreta,
1659 944 1796 992 regula
1823 956 1853 982 s.
1882 944 2082 982 Benedicti
2101 947 2142 983 et

1183 998 1294 1047 regni
1316 997 1436 1046 leges.
1458 998 1664 1035 Sancitum
1681 999 1752 1043 est,
1769 1000 1812 1034 ut
1827 998 1988 1047 quisque
2004 1010 2074 1047 pro
2089 998 2143 1036 lo-

1185 1062 1228 1087 co
1260 1054 1299 1088 et
1328 1051 1463 1088 ordine
1491 1063 1561 1088 suo
1593 1063 1639 1088 ea
1668 1050 1876 1099 diligenter
1904 1053 2082 1089 servaret
2101 1055 2140 1090 et

1181 1116 1282 1152 quae
1305 1107 1444 1142 contra
1463 1104 1717 1154 irrepserant,
1738 1105 1776 1141 in
1799 1104 1902 1142 clero
1923 1106 2139 1143 secundum

1180 1169 1311 1195 sacros
1328 1170 1507 1203 canones,
1521 1158 1559 1195 in
1577 1158 1773 1196 monachis
1788 1158 2001 1196 secundum
2017 1170 2138 1208 regu-

1180 1211 1256 1248 lam
1278 1223 1307 1249 s.
1328 1211 1544 1258 Benedicti,
1564 1211 1602 1248 in
1625 1211 1832 1249 comitibus
1862 1214 1901 1248 et
1921 1212 2062 1261 populo
2081 1224 2137 1251 se-

1180 1266 1350 1303 cundum
1372 1265 1482 1315 regni
1504 1265 1611 1313 leges
1630 1265 1936 1314 corrigerentur.
1957 1265 2137 1315 Episcopi

1180 1319 1226 1362 ad
1240 1319 1535 1357 instructionem
1544 1319 1791 1356 sacerdotum
1801 1319 2008 1356 ediderunt
2024 1320 2139 1369 Capi-

1183 1373 1321 1409 tulare
1337 1376 1518 1410 constans
1528 1373 1579 1410 22
1592 1372 1779 1409 articulis.
1791 1372 2005 1421 Imperator
2017 1373 2137 1411 etiam

1179 1426 1367 1463 nonnulla
1388 1426 1633 1475 Capitularia
1649 1425 1924 1475 promulgavit,
1940 1425 1978 1462 in
1996 1427 2137 1475 quibus

1178 1480 1282 1517 inter
1302 1479 1379 1517 alia
1399 1481 1445 1517 (10
1462 1480 1622 1517 consilio
1638 1480 1779 1516 Leonis
1796 1480 1866 1528 Pp.
1884 1479 2137 1518 constitutum

1178 1535 1247 1579 est,
1263 1535 1306 1569 ut
1321 1533 1582 1582 chorepiscopi
1601 1533 1698 1570 nihil
1717 1544 1832 1581 agere
1843 1535 2138 1581 praesumerent

1178 1598 1430 1635 eorum,quae
1442 1591 1555 1624 erant
1568 1586 1769 1624 ministerii
1786 1586 2136 1635 episcopalis,etdc-

1178 1640 1309 1688 inceps
1329 1640 1591 1689 chorepiscopi
1620 1652 1695 1677 non
1717 1640 2074 1687 constituerentur,
2094 1645 2137 1678 ut

1177 1693 1345 1742 episcopi
1365 1696 1404 1731 et
1420 1695 1643 1732 sacerdotes
1658 1694 1848 1731 immunes
1864 1696 1994 1731 essent
2009 1694 2057 1731 ab
2073 1705 2137 1731 ex-

1178 1747 1441 1796 peditionibus
1470 1747 1620 1785 bellicis
1633 1776 1643 1794 ,
1663 1750 1703 1785 et
1722 1747 1759 1784 in
1780 1747 1957 1784 exercitu
1977 1759 2053 1784 non
2073 1747 2134 1785 fo-

1179 1803 1268 1838 rent
1288 1801 1365 1838 nisi
1386 1802 1463 1838 duo
1485 1800 1653 1850 episcopi
1673 1812 1761 1838 cum
1783 1799 1933 1850 aliquot
1951 1801 2136 1839 sacerdo—

1178 1855 1298 1900 tibus,
1318 1854 1383 1903 qui
1405 1867 1519 1893 sacra
1539 1852 1836 1892 ministrarent2.

1230 1908 1409 1957 Episcopi
1438 1909 1557 1946 etiam
1584 1907 1833 1956 imperatoris
1862 1907 2045 1946 mandato
2066 1919 2135 1958 per

1177 1962 1398 2010 provincias
1415 1963 1584 2011 synodos
1601 1962 1852 1999 celebrarunt
1862 1962 1910 1999 ad
1920 1961 2134 2000 reforman-

1177 2016 1245 2053 dos
1265 2015 1304 2052 in
1325 2016 1428 2053 clero
1448 2020 1487 2054 et
1508 2015 1548 2053 in
1570 2015 1712 2064 populo
1734 2026 1871 2052 mores.
1892 2015 1952 2053 Ad
1972 2015 2010 2053 id
2032 2027 2134 2054 anno

1176 2069 1252 2106 813
1273 2070 1440 2118 synodos
1460 2070 1485 2107 5
1505 2070 1544 2106 in
1566 2068 1695 2106 Gallia
1714 2070 1868 2106 coactas
1886 2068 2066 2118 legimus,
2083 2068 2134 2107 ni-

1175 2123 1318 2160 mirum
1348 2123 1619 2160 Arelatenscm
1637 2152 1646 2168 ,
1676 2121 1992 2171 Moguntiacam,
2020 2123 2131 2160 Rhe-

1175 2188 1369 2223 mcnsem,
1399 2177 1669 2214 Turonensem
1699 2179 1739 2213 et
1758 2175 2071 2222 Cabiloncnsem,
2091 2175 2131 2213 in

1175 2230 1316 2279 quibus
1337 2229 1462 2267 multa
1483 2229 1747 2268 restituendae
1767 2229 1998 2279 disciplinae
2021 2229 2132 2267 utilia

1176 2284 1334 2321 decreta
1357 2281 1476 2321 suntss.

1229 2337 1288 2374 15.
1325 2337 1612 2374 Controversia
1640 2337 1689 2374 (Ze
1704 2338 1962 2386 processione
1992 2337 2131 2386 Spiri-

1174 2396 1240 2428 tus
1257 2391 1466 2428 S.—Anno
1488 2393 1618 2428 autem
1637 2391 1714 2427 809
1730 2391 1902 2439 synodus
1923 2401 2132 2428 numerosa

1173 2449 1307 2482 coacta
1337 2443 1414 2481 fuit
1443 2444 1703 2493 Aquisgrani,
1724 2444 1763 2480 in
1785 2456 1860 2493 qua
1879 2445 2052 2482 tractata
2071 2445 2132 2482 est

1173 2497 1348 2547 quaestio
1369 2498 1414 2534 de
1439 2498 1683 2546 processione
1705 2497 1872 2546 Spiritus
1891 2497 2034 2536 Sancti.
2051 2497 2133 2547 Spi-

1172 2552 1291 2589 ritum
1311 2551 1348 2588 S.
1372 2552 1576 2599 procedere
1597 2563 1646 2588 ex
1666 2552 1782 2588 Patre
1803 2554 1843 2589 et
1857 2563 1905 2589 ex
1924 2551 2036 2598 Filio,
2053 2561 2130 2588 una

1172 2617 1258 2643 cum
1288 2604 1419 2642 latinis
1447 2605 1643 2642 tradidere
1674 2605 1813 2643 Patres
1833 2604 1986 2655 graeci,
2008 2606 2127 2652 atque

1172 2660 1209 2695 in
1232 2659 1304 2696 hac
1326 2658 1409 2706 ipsa
1429 2658 1608 2696 doctrina
1630 2670 1750 2706 usquc
1772 2659 1820 2696 ad
1841 2658 2010 2696 schisma
2028 2657 2128 2694 Pho-

1172 2713 1322 2749 tianum
1346 2712 1521 2750 Ecclesia
1542 2712 1742 2749 orientalis
1758 2712 1951 2749 consensit
1965 2722 2054 2748 cum
2072 2723 2128 2748 oc-

1172 2765 1366 2802 cidentali.
1385 2766 1547 2803 Saeculo
1570 2766 1637 2813 IV,
1659 2777 1779 2814 quum
1794 2766 1842 2803 ab
1863 2766 1935 2802 hac
1951 2764 2128 2802 doctrina

1171 2820 1399 2856 aberrarent
1420 2819 1557 2857 Ariani
1580 2823 1619 2857 et
1639 2818 1921 2865 Macedoniani,
1936 2817 2126 2867 Spiritum

1171 2874 1208 2910 S.
1239 2885 1262 2910 a
1283 2872 1381 2910 Filio
1405 2876 1652 2920 procreatum
1674 2884 1741 2910 seu
1764 2871 1911 2910 factum
1933 2871 2104 2909 dicentes
2118 2900 2127 2917 ‚

1170 2926 1381 2964 Concilium
1405 2926 1553 2975 Cpnum
1576 2926 1770 2964 Isimbolo
1786 2925 1958 2963 Nicacno
1979 2925 2026 2963 de
2046 2924 2130 2973 Spi-

1171 2980 1247 3017 ritu
1277 2981 1314 3018 S.
1338 2979 1489 3018 addidit
1519 2981 1616 3019 haec
1645 2980 1777 3018 verba:
1814 2978 1894 3020 Qui
1921 2990 1973 3017 σα)
2002 2979 2129 3016 Patre

1208 3089 1217 3109 ¹
1241 3087 1381 3118 Histoire
1400 3085 1570 3118 liltfiraire
1586 3085 1624 3116 de
1640 3085 1814 3120 F1·anra,t.
1832 3084 1876 3119 lv,

1208 3132 1221 3151 ‘2
1238 3128 1353 3160 Annal.
1365 3128 1506 3162 lambec.
1524 3129 1563 3159 ad
1580 3137 1628 3159 an.
1646 3126 1713 3164 8023
1730 3126 1830 3157 baluz.
1848 3125 2028 3167 Gapilular.
2062 3134 2130 3167 roy.

1169 3173 1283 3202 Fratue.
1303 3175 1322 3203 1.
1349 3172 1367 3203 1.

1207 3216 1220 3234 ³³
1237 3214 1347 3251 thhr,
1367 3211 1488 3246 Concil.
1508 3215 1526 3243 1.
1549 3212 1606 3251 Vll,
1623 3221 1650 3251 1).
1670 3209 1816 3257 ‘1231-59.

2198 3345 2225 3473 ubksz
2202 3287 2221 3341 0⁴¹³?
