2241 3473
267 134 340 173 144

763 143 918 170 EPOCHA
947 143 984 169 X.
1011 141 1062 167 AB
1090 141 1253 168 EXCIDIO
1283 141 1448 169 IMPERII
1476 143 1628 170 GRAECI

215 211 331 248 natae
353 209 378 257 ¹,
398 209 564 248 confecit
580 208 869 254 concordatum,
888 207 928 245 in
945 218 1019 255 quo
1040 218 1149 255 prae·
1193 207 1395 245 christiani
1432 210 1539 246 recte
1579 207 1910 259 informarentur,
1945 210 2136 249 evincunt

212 265 271 301 ter
292 263 370 301 alia
391 263 569 310 utrinque
599 261 792 305 convenit,
810 262 853 298 ut
868 272 938 297 rex
953 260 1150 309 episcopos

214 319 254 353 et
273 316 430 354 abbates
451 315 686 363 designaret,
709 316 748 351 et
768 313 952 350 Pontifex
972 325 1038 351 eos
1057 325 1149 350 con-

212 369 399 414 firmaret3
420 367 598 404 Pontifici
620 366 842 404 conservati
863 369 991 404 essent
1010 366 1151 415 episco-

212 426 326 470 patus
358 429 397 458 et
429 420 620 467 abbatiae3
651 431 817 468 quorum
847 431 1082 468 possessores
1109 420 1148 456 in

210 476 386 512 Romana
416 473 523 510 curia
552 475 813 518 morerentur,
843 473 878 510 ei
907 473 1026 511 etiam
1055 485 1150 511 con-

209 528 462 565 servarentur
482 531 665 564 armatae
694 528 733 563 et
762 538 901 564 causae
921 527 1089 564 maiores
1109 526 1149 563 in

207 580 292 617 iure
308 579 493 616 canonico
511 579 736 628 designatae
747 578 774 617 ².
793 580 1011 617 Maximum
1030 580 1148 618 etiam

207 644 340 670 curam
358 632 547 681 impendit
562 633 641 670 Leo
653 633 704 680 X,
717 635 759 670 ut
775 633 915 682 ubique
932 634 1033 671 inter
1050 634 1150 682 prin-

207 686 314 734 cipes
349 687 389 723 et
421 686 600 724 nationes
638 686 872 724 christianas
902 699 976 736 pax
1006 687 1146 724 consti-

208 740 396 785 tueretur,
417 751 628 789 omnesque
648 740 831 778 hortatus
851 743 910 778 est
929 741 978 778 ad
998 741 1148 789 propul-

206 792 328 829 sanda
349 792 533 841 pericula,
564 805 661 841 quae
682 806 702 830 e
723 794 942 831 Turcarum
972 794 1147 843 potentia

204 847 243 882 et
262 845 547 884 incursionibus
568 846 739 896 quotidie
760 847 944 896 graviora
965 848 1146 896 Europae

203 898 487 945 imminebant3
517 900 555 937 in
586 901 767 938 eumdem
801 900 919 938 finem
954 901 1144 938 Thomam

203 952 443 989 cardinalem
465 953 772 1003 strigoniensem
792 953 942 1002 legavit
969 954 1005 991 in
1036 954 1146 992 Polo-

203 1005 320 1051 niam,
351 1006 578 1044 Bohemiam
602 1009 642 1044 et
662 1008 917 1056 Hungariam,
938 1010 981 1046 ut
1000 1008 1143 1045 bellum

203 1070 356 1096 sacrum
377 1062 512 1097 contra
532 1060 718 1098 Selimum
740 1062 770 1106 Ι,
791 1061 1008 1098 Turcarum
1029 1062 1144 1110 impe·

202 1116 383 1159 ratorem,
413 1114 476 1162 qui
507 1126 616 1151 arma
645 1118 780 1152 contra
810 1114 1018 1164 Hungaros
1049 1127 1143 1152 con-

203 1168 391 1213 verterat,
411 1167 690 1217 promulgaret,
721 1179 853 1217 pacem
875 1168 978 1205 inter
997 1169 1142 1217 princi-

202 1231 269 1269 pes
289 1220 554 1267 constitueret,
575 1226 614 1258 et
634 1222 841 1267 Bohemos,
870 1223 1034 1259 sublatis
1055 1223 1142 1259 hus-

202 1273 336 1310 siticae
374 1273 578 1312 haereseos
615 1274 815 1323 reliquiis,
843 1287 930 1312 cum
970 1275 1144 1313 Ecclesia

206 1326 442 1365 conciliaret.

255 1380 411 1422 Quanto
451 1380 588 1418 ardore
624 1381 702 1418 Leo
731 1382 769 1419 X
798 1381 1075 1431 propagandae
1105 1384 1144 1419 et

201 1433 490 1471 conservandae
511 1434 747 1472 christianae
776 1434 865 1473 fidei
894 1435 1145 1473 adlaborave-

201 1487 268 1532 rit,
297 1487 506 1524 ostendunt
543 1488 710 1526 instituti
741 1488 789 1525 ab
819 1501 862 1526 eo
892 1489 931 1525 in
961 1488 1143 1526 America

201 1541 444 1589 episcopatus
462 1571 471 1587 ,
501 1543 540 1577 et
569 1541 732 1589 epistola
760 1542 808 1579 ab
839 1554 883 1579 eo
913 1554 1012 1579 anno
1044 1542 1144 1581 1515

199 1594 344 1642 scripta
372 1594 420 1632 ad
450 1595 640 1632 Davidem
677 1606 810 1644 regem
840 1595 1144 1644 Abyssinorum,

199 1648 317 1684 etiam
339 1648 387 1685 ad
407 1648 669 1697 patriarcham
691 1648 978 1686 Antiochenum
1009 1648 1143 1687 Maro-

200 1701 371 1738 nitarum
401 1702 543 1738 montis
573 1701 710 1739 Libani
739 1702 843 1739 viros
873 1702 1073 1751 religiosos
1094 1715 1143 1741 ex

200 1754 343 1792 Ordine
364 1766 392 1792 s.
414 1755 617 1793 Francisci
647 1755 871 1802 destinavit,
901 1756 968 1805 qui
996 1756 1082 1793 illos
1103 1756 1143 1793 in

199 1809 467 1846 conservanda
495 1809 712 1846 orthodoxa
741 1810 918 1847 doctrina
947 1810 1142 1855 iuvarent,

199 1862 247 1899 ad
279 1863 457 1899 eumdem
498 1863 764 1910 patriarcham
813 1875 997 1912 responsa
1036 1864 1143 1902 dedit

200 1915 302 1952 circa
341 1916 541 1953 doctrinae
580 1916 796 1953 catholicae
834 1917 964 1966 capita
1001 1917 1140 1954 ibidem

201 1972 454 2006 controversa
488 1971 526 2007 et
547 1969 649 2006 circa
679 1969 877 2018 liturgiam
912 1971 1142 2019 praesertim

200 2022 238 2059 in
278 2022 617 2060 administratione
655 2022 1016 2070 Sacramentorum,
1045 2036 1143 2073 quae

198 2075 424 2125 patriarcha
457 2079 688 2113 reverenter
716 2078 896 2125 suscepit.
919 2077 1077 2119 Quanta
1097 2090 1139 2114 e-

199 2129 347 2167 iusdem
365 2129 569 2167 Pontificis
585 2141 680 2167 cura
695 2128 825 2176 fuerit,
843 2132 884 2168 ut
900 2142 1052 2168 errores
1073 2131 1144 2168 cir-

200 2195 246 2219 ca
266 2183 481 2220 doctrinam
510 2183 816 2232 profligarentur
845 2184 1049 2233 disciplina
1078 2197 1141 2222 ec-

198 2235 416 2274 clesiastica
453 2237 734 2284 custodiretur,
772 2249 975 2287 moresque
1013 2238 1143 2287 populi

199 2340 340 2379 munito,
369 2340 603 2372 memorabilem
634 2342 794 2374 victoriam
823 2345 1003 2383 reportavit.
1029 2344 1143 2376 Omitto

197 2382 504 2414 confoederationem
528 2383 712 2421 Zachariae,
738 2384 884 2424 Stephani
909 2386 950 2423 ll,
979 2387 1142 2425 Hadriani,

198 2424 307 2455 Leonis
332 2424 367 2455 lll
393 2425 586 2464 aliorumque
609 2426 788 2456 l’ontiticnm
807 2436 874 2457 cum
893 2427 1028 2468 Regibus
1044 2429 1142 2459 Fran-

198 2474 303 2496 corum
328 2474 384 2505 pro
408 2467 654 2506 recuperatione,
673 2472 701 2498 ct
716 2467 893 2498 defensione
912 2470 1140 2507 provinciarum

197 2511 227 2537 et
240 2508 407 2545 civitatum,
421 2517 500 2548 qnae
514 2508 553 2538 ad
566 2509 734 2539 Romanam
750 2510 917 2540 Ecclesiam
933 2511 1138 2550 pertinebant,

197 2550 347 2580 adversus
369 2550 592 2589 Longobardos
617 2554 646 2580 et
669 2552 812 2581 Graecos.
831 2551 943 2582 Omitto
968 2553 1058 2582 etiam
1084 2554 1141 2583 t'or-

198 2591 330 2621 tissimos
347 2592 561 2628 machabaeos,
579 2592 629 2630 qui
643 2596 672 2622 et
686 2593 797 2623 Summi
811 2593 996 2624 Sacerdotes
1014 2598 1042 2624 et
1059 2594 1141 2625 l‘rin-

199 2633 283 2670 cipes
312 2637 419 2671 erant,
447 2637 475 2664 ct
502 2642 557 2672 pro
587 2633 702 2671 patriae
741 2634 921 2665 defensione
954 2636 1138 2674 gravissima

198 2673 277 2704 bella
302 2679 476 2713 gesserunt.
501 2673 612 2706 Omitto
637 2675 771 2716 <lenique
787 2677 898 2706 Most-,m
918 2677 1094 2707 Pontificem
1112 2681 1140 2707 et

198 2716 367 2755 Principem
395 2716 666 2755 sapientissimum,
692 2718 742 2757 qui
756 2718 907 2748 adversus
935 2719 1140 2750 Amorrhaeos

196 2756 337 2828 :dnlusque
361 2758 463 2798 populi
480 2759 526 2789 sni
545 2759 776 2798 perturbatores
797 2760 890 2790 armis
903 2759 1062 2790 decertare
1080 2769 1138 2791 non

218 2799 354 2830 uiitavit.

244 2851 255 2867 a
274 2840 334 2871 llos
360 2841 452 2881 igitur
476 2841 668 2873 clarissimos
700 2851 869 2883 sacrosque
893 2843 974 2873 viros
999 2842 1091 2873 lulius
1115 2843 1138 2873 ll

196 2880 344 2919 imitatus,
369 2892 535 2923 eorumque
561 2885 699 2915 virtutem
730 2889 758 2915 et
787 2884 976 2922 diligentiam
1000 2884 1160 2915 aemula-l

196 2926 254 2960 tus,
268 2925 377 2962 partim
390 2925 484 2955 arinis
496 2926 642 2965 propriis,
660 2927 768 2965 parlim
786 2927 897 2957 auxilio
912 2926 1137 2957 foederatorum

195 2965 724 3048 iiii&uiiiliiireciLi·¹e¹t·³1i¹fig1iii‡iiifflffi
739 2970 1138 3050 ’ἧέἓῑἑῗ,ῑ,”ᾟξ,’,’”,’ᾏῖξζῗ’,,’ζ”,;ζ
1157 2981 1159 3033 J
1179 2998 1371 3035 principes
1395 2997 1497 3034 paco,
1518 2986 1563 3022 dc
1584 2985 1831 3023 reformanda
1847 2996 1956 3022 curia
1975 2985 2121 3022 Roma-

195 3047 267 3077 dere
286 3049 425 3087 voluerit,
440 3050 594 3089 oportebit
606 3052 746 3090 etia1n‚nt
760 3051 940 3082 industriam
953 3058 981 3082 ct
994 3052 1136 3082 virtutem

194 3093 371 3121 sanctornm
393 3091 584 3130 Pontificum,
606 3092 686 3123 addo
713 3094 803 3124 etiam
826 3094 1093 3132 machabaeorum,
1109 3098 1137 3123 ct
1188 3109 1192 3111 Δ

196 3131 404 3205 i1›.s*¹inxsi⁴)¹los)⁴is!¹
413 3134 550 3204 lii—swoem
567 3134 707 3166 bellicam
723 3135 929 3175 reprehendat
946 3147 972 3166 n.

236 3214 249 3235 2
266 3185 375 3254 tantia-j
394 3196 512 3248 ὁοιίεῑι.
530 3221 546 3247 ι,
567 3218 637 3257 xiv,
655 3227 680 3257 p.
699 3217 766 3249 358.

1193 260 1491 298 constitutiones
1515 261 1669 300 concilii
1697 263 1970 302 Lateranensis
1988 264 2025 302 V
2045 266 2085 302 et
2099 276 2140 302 a·

1194 315 1255 351 cta
1277 313 1483 352 Pontificis
1506 314 1544 351 in
1567 326 1685 352 causa
1713 316 1886 355 Lutheri.
1916 317 2140 357 Instaurata

1192 367 1341 404 Romae
1360 367 1588 413 Academia,
1609 367 1708 405 fovit
1726 370 1854 408 studia
1869 371 2058 408 bonarum
2078 382 2136 409 ar-

1191 420 1305 466 tium,
1323 420 1559 467 litterarum,
1577 421 1921 472 litteratorumque
1941 423 2072 462 fautor
2092 437 2137 461 e-

1191 473 1334 510 ximius
1353 476 1518 522 paterno
1539 473 1731 521 instituto,
1763 478 1803 514 et
1825 483 1972 525 quanta
1999 488 2138 528 reapse

1191 526 1447 564 sollicitudine
1464 527 1539 565 Leo
1552 528 1590 565 X
1614 527 1653 565 id
1670 528 1874 576 effecisset,
1884 535 2138 569 monumenta

1190 582 1385 618 testantur
1406 580 1431 618 ¹.
1451 601 1498 610 ·-
1512 581 1734 618 Lavacrum
1756 582 2001 620 Constantini
2022 584 2137 622 Late-

1189 645 1356 671 ranense
1384 633 1571 679 restituit,
1601 646 1645 671 ac
1673 635 1826 683 publica
1857 635 2037 674 aedificia
2057 637 2137 676 alia

1188 686 1336 732 refecit,
1357 689 1397 724 et
1416 689 1569 736 sumptu
1592 699 1733 736 magno
1754 689 1923 727 ornavit.

1243 740 1301 777 17.
1319 740 1546 778 Concilium
1559 741 1844 779 Lateranense
1865 742 1902 779 V
1914 740 2002 794 (an.
2016 741 2132 781 1512-

1192 793 1254 842 17)
1272 815 1320 821 -
1338 794 1550 832 Concilium
1585 795 1851 833 Lateranense
1880 795 1916 833 V
1933 824 1943 840 ‚
1972 807 2093 844 supra
2111 807 2136 833 a

1187 846 1286 884 Iulio
1308 848 1377 895 Pp.
1394 847 1432 885 ΙΙ
1449 850 1718 893 convocatum,
1734 852 1817 886 tum
1838 849 2029 887 adversus
2050 860 2137 886 con-

1187 900 1359 938 ciliabuli
1377 901 1508 938 Pisani
1524 901 1739 939 tentamina
1754 904 1840 940 tum
1855 903 1905 940 ad
1924 902 2138 941 reforman-

1187 954 1253 991 dos
1271 966 1409 1001 mores,
1422 955 1470 992 ad
1490 955 1773 1003 procurandam
1786 957 1888 993 inter
1899 955 2136 993 christianos

1186 1007 1377 1056 principes
1413 1020 1546 1057 pacem
1579 1010 1617 1046 et
1650 1009 1697 1046 ad
1718 1011 2026 1057 promovendum
2045 1008 2136 1047 bel-

1185 1061 1265 1098 lum
1288 1063 1422 1099 contra
1442 1061 1602 1107 Turcas,
1621 1061 1846 1100 inchoatum
1866 1065 1926 1100 est
1948 1062 1993 1099 v⁰
2009 1073 2134 1101 nonas

1187 1114 1278 1152 maii
1303 1114 1468 1160 imaet
1484 1115 1702 1153 absolutum
1726 1116 1911 1164 postridie
1930 1115 2015 1154 idus
2038 1127 2137 1154 mar-

1186 1167 1229 1205 tii
1271 1168 1382 1206 1517.
1412 1168 1581 1206 Habitae
1609 1172 1703 1207 sunt
1734 1170 1782 1207 12
1811 1169 2014 1217 sessiones,
2044 1180 2136 1218 qua-

1187 1233 1272 1258 rum
1291 1223 1315 1258 4
1337 1221 1528 1270 prioribus
1549 1222 1743 1270 praesedit
1762 1223 1883 1260 Iulius
1903 1223 1955 1269 II,
1974 1223 2053 1269 532,
2073 1222 2137 1260 Iu-

1185 1275 1234 1312 lio
1254 1275 1421 1321 infirmo,
1443 1275 1599 1313 Riarius
1620 1276 1833 1314 cardinalis
1861 1276 2067 1326 episcopus
2088 1275 2135 1313 0-

1186 1328 1352 1374 stiensis,
1368 1329 1527 1377 reliquis
1541 1330 1617 1366 Leo
1638 1330 1686 1366 X.
1702 1329 1857 1367 Primae
1880 1329 2045 1368 sessioni
2065 1328 2130 1366 in-

1187 1382 1407 1420 terfuerunt
1430 1382 1477 1420 15
1498 1383 1726 1429 cardinales,
1746 1383 1771 1420 2
1791 1383 2051 1432 patriarchae,
2073 1384 2132 1420 A-

1186 1435 1437 1473 lexandrinus
1457 1439 1497 1473 et
1517 1436 1793 1482 Antiochenus,
1809 1436 1860 1474 77
1881 1436 2134 1485 archiepisco-

1186 1489 1221 1537 pi
1243 1492 1283 1526 et
1303 1489 1481 1538 episcopi,
1511 1501 1674 1538 quorum
1711 1501 1898 1528 numerus
1916 1490 1973 1527 ita
1993 1489 2134 1536 crevit,

1189 1544 1231 1578 ut
1250 1543 1408 1580 sessioni
1431 1543 1564 1580 Vfflae
1584 1544 1766 1582 adessent
1789 1543 1841 1581 25
1856 1543 2073 1581 cardinales
2093 1546 2135 1581 et

1191 1596 1264 1633 112
1304 1596 1483 1645 episcopi.
1519 1596 1742 1634 Adfuerunt
1779 1600 1984 1645 praeterea
2017 1596 2131 1634 multi

1188 1649 1588 1698 doctores,generales
1604 1649 1769 1687 ministri
1779 1649 1967 1687 Ordinum
1980 1649 2133 1699 religio-

1187 1714 1333 1749 sorum,
1363 1705 1537 1741 oratores
1567 1703 1786 1752 principum
1821 1703 2131 1741 Christianorum

1187 1757 1339 1805 aliique.
1363 1756 1463 1794 Sess.
1485 1756 1536 1803 12,
1558 1757 1691 1794 habita
1712 1759 1770 1794 V1⁰
1791 1756 1877 1794 idus
1897 1757 1990 1795 maii
2015 1756 2130 1803 1512,

1187 1815 1272 1859 post
1310 1821 1527 1848 sermonem
1564 1810 1653 1847 Iulii
1687 1810 1756 1860 Pp.
1770 1839 1779 1855 ,
1816 1814 1998 1859 peractae
2041 1813 2133 1848 sunt

1186 1865 1453 1901 caeremoniae
1474 1866 1512 1901 et
1533 1863 1608 1901 alia
1626 1875 1693 1912 pro
1710 1876 1827 1901 more.
1845 1864 1946 1902 Sess.
1965 1863 2013 1908 ΙΙ,
2029 1863 2132 1900 Tho-

1187 1929 1267 1954 mas
1283 1918 1329 1954 de
1345 1917 1419 1955 Vio
1436 1917 1659 1963 Caietanus,
1676 1917 1832 1954 Ordinis
1848 1917 1987 1955 Praed.
2005 1917 2131 1954 Gene-

1187 1971 1293 2016 ralis,
1314 1974 1354 2008 et
1373 1971 1509 2007 deinde
1532 1971 1578 2008 R.
1601 1971 1643 2008 E.
1667 1970 1893 2017 cardinalis,
1915 1969 2131 2008 orationem

1185 2024 1333 2071 habuit,
1354 2023 1544 2061 sessiones
1561 2024 1734 2072 prolatae
1749 2026 1841 2061 sunt
1857 2035 1974 2073 usque
1994 2023 2043 2061 ad
2058 2024 2131 2061 ad-

1186 2080 1344 2114 ventum
1363 2077 1578 2126 legatorum
1602 2078 1817 2123 nationum,
1833 2080 1873 2114 et
1887 2076 1996 2114 bulla
2012 2077 2124 2123 lecta,

1186 2143 1260 2179 qua
1289 2131 1591 2168 conciliabulum
1623 2131 1812 2168 Pisanum
1848 2129 2008 2179 eiusque
2041 2132 2130 2168 acta

1185 2185 1488 2228 damnabantur,
1519 2187 1558 2220 et
1577 2183 1690 2220 irrita
1719 2183 2032 2221 declarabantur.
2060 2183 2134 2221 Po-

1184 2238 1316 2275 sthaec
1326 2238 1570 2274 advenerunt
1582 2236 1700 2284 legati
1712 2237 1959 2283 Germaniae,
1968 2236 2129 2283 Daniae,

1185 2291 1219 2328 N
1225 2292 1430 2339 orwegiae‚
1470 2290 1708 2339 Hungariae‚
1741 2290 1910 2336 Scotiae,
1949 2289 2126 2340 Angliae,

1185 2344 1388 2389 Castellae,
1418 2344 1649 2392 Aragoniae,
1680 2343 1826 2390 Italiae,
1857 2343 2060 2382 Sardiniae
2089 2347 2131 2382 et

1186 2398 1385 2446 utriusque
1402 2396 1572 2442 Siciliae,
1591 2396 1654 2444 qui
1671 2397 1874 2434 nationum
1891 2408 2051 2435 suarum
2069 2409 2130 2435 no·

1185 2452 1285 2488 mine
1314 2450 1473 2487 concilio
1503 2450 1774 2488 adhaeserunt.
1809 2450 1911 2488 Sess.
1947 2450 2017 2497 III,
2051 2449 2129 2500 epi-

1183 2516 1322 2552 scopus
1352 2504 1570 2549 Gurcensis,
1592 2504 1744 2540 nomine
1775 2503 2035 2542 Maximiliani
2055 2503 2131 2542 im-

1185 2556 1384 2607 peratoris,
1401 2559 1489 2594 acta
1508 2557 1755 2594 conciliabuli
1775 2557 1906 2595 Pisani
1923 2556 2071 2603 reiecit,
2091 2560 2132 2595 et

1182 2622 1449 2660 quaecumque
1476 2612 1522 2647 ab
1554 2611 1624 2647 hoc
1654 2610 1822 2659 principe
1852 2622 1920 2660 pro
1939 2611 2013 2648 isto
2034 2622 2129 2648 con-

1182 2664 1364 2701 ciliabulo
1385 2666 1496 2712 gesta
1512 2664 1688 2710 fuissent,
1710 2664 1920 2701 revocavit.
1943 2665 2045 2702 Sess.
2069 2663 2124 2701 IV

1182 2720 1310 2755 actum
1333 2725 1391 2755 cst
1412 2718 1457 2754 de
1477 2717 1728 2765 abrogatione
1750 2717 2012 2766 pragmaticae
2033 2728 2126 2755 san-

1182 2771 1319 2808 ctionis
1332 2771 1368 2808 in
1387 2771 1526 2808 Gallia.
1543 2771 1641 2808 Sess.
1657 2771 1705 2817 V,
1722 2771 1812 2809 x1v⁰
1829 2771 1976 2809 calend.
1995 2770 2128 2808 martii

1185 2825 1297 2870 1513,
1328 2825 1427 2862 lecta
1456 2824 1529 2861 suit
1556 2824 1779 2862 constitutio
1810 2823 1897 2861 Iulii
1927 2824 1964 2862 11
1993 2825 2129 2862 contra

1179 2878 1425 2915 simoniacam
1448 2879 1494 2916 R.
1523 2878 1723 2915 Pontificis
1752 2878 1992 2915 electionem.
2020 2877 2122 2915 Sess.

1181 2933 1233 2969 Vl
1257 2932 1410 2979 negotia
1439 2932 1485 2968 dc
1506 2931 1744 2969 concilianda
1764 2932 1864 2969 inter
1884 2929 2124 2970 Christianos

1180 3052 1228 3077 na
1257 3043 1296 3076 ct
1325 3040 1370 3076 de
1405 3039 1628 3088 abroganda
1656 3037 1900 3089 pragmatica
1921 3037 2123 3076 Gallorum

1220 3134 1227 3154 ¹
1248 3134 1423 3174 ltaynaltlus
1440 3137 1469 3164 ct
1485 3135 1678 3174 spondanus,
1695 3135 1732 3167 ad
1751 3144 1798 3166 an.
1818 3132 2034 3170 1513-21;1.B.
2050 3132 2124 3164 Pal-

1179 3186 1239 3212 ina,
1268 3176 1417 3207 l'ruwlecl.
1441 3175 1518 3207 llist.
1541 3176 1617 3207 eccl.
1639 3181 1656 3206 1.
1677 3177 1719 3212 lv.
1737 3186 1764 3215 p.
1782 3177 1802 3213 Ι,
1820 3186 1845 3207 c.
1866 3174 1918 3212 123
1937 3175 2043 3211 Audin.
2061 3173 2126 3207 Hi·-

1177 3218 1276 3249 stoire
1291 3217 1328 3249 de
1344 3217 1427 3250 Lc'on
1443 3217 1477 3256 X,
1496 3219 1629 3250 Louvain
1650 3217 1736 3256 1826,
1753 3218 1772 3249 ζ).
1790 3218 1846 3249 νοΙ.
1865 3214 1964 3248 iti-8.⁰
