2241 3473
632 188 759 219 VSQVE
789 188 841 214 AD
870 187 1019 214 OBITVM
1047 185 1078 214 S.
1107 185 1268 213 IOANNIS
1296 184 1485 212 APOSTOLI
1914 173 1940 211 7

127 255 185 294 10.
202 253 466 293 Resurrectio
485 251 538 290 Ch
546 250 887 290 risti—-Exanime
903 250 1010 288 Chri-

72 308 121 347 sti
141 319 294 358 corpus,
314 317 434 355 quum
454 305 531 342 iam
549 305 702 343 nullum
718 306 942 354 superesset
957 303 1010 340 vi-

71 364 135 400 tae
153 361 324 411 signum,
340 360 387 397 de
407 370 523 396 cruce
545 358 764 408 depositum
785 359 825 394 et
844 360 935 394 ante
955 368 1012 394 or-

71 417 155 452 tum
185 413 337 452 sabbati
366 413 496 461 magni
525 412 748 461 sepulturae
768 410 904 448 datum
924 410 1013 447 fuit.

73 467 262 506 Ultimum
291 467 394 504 hunc
426 465 611 503 defuncto
640 465 823 502 honorem
843 463 1011 501 reddidit

71 521 256 571 Iosephus
285 520 333 558 ab
362 519 628 564 Arimathaea,
656 520 879 555 senatorum
910 528 1008 554 unus

73 578 113 612 et
141 575 243 612 clam
274 574 359 611 Iesu
380 573 546 610 deditus.
568 571 604 608 Is
625 581 648 608 a
667 570 796 607 Pilato
816 569 1010 615 obtinuit,

74 629 120 666 ut
138 639 276 677 corpus
300 626 444 664 Christi
467 625 626 663 sindone
656 623 799 660 munda
828 623 1010 660 involve-

73 692 114 719 re
131 710 141 727 ,
160 680 400 719 aromatibus
421 677 577 716 condire
596 678 636 714 et
655 676 694 713 in
717 678 1010 714 monumentum

73 745 210 772 recens
229 734 266 771 in
279 736 390 782 petra
402 730 528 768 vicina
544 729 717 768 excisum
727 729 917 778 deponere
929 741 1010 779 pos-

72 790 141 826 set.
163 787 361 835 Principes
380 784 631 822 sacerdotum
650 784 690 820 et
710 782 910 820 Pharisaei
925 794 1010 820 me-

74 851 213 886 mores,
234 840 362 877 Iesum
382 849 457 874 non
477 835 599 874 semel
619 835 775 882 dixisse,
791 835 873 874 fore
890 838 933 873 ut
947 836 1011 873 in-

74 898 137 931 tra
152 893 271 930 trium
286 891 438 928 dierum
455 890 624 939 spatium
639 891 870 937 resurgeret
885 889 1011 935 vivus,

73 947 368 996 procuratorem
397 945 599 992 rogarunt,
631 945 674 979 ut
702 941 870 991 lapidem
882 972 891 988 ,
912 942 1010 980 ostio

72 998 240 1048 sepulcri
259 996 494 1047 appositum,
514 995 641 1044 sigillo
660 995 819 1042 muniri,
836 998 1011 1034 armata—

73 1063 148 1102 que
176 1063 295 1090 manu
324 1049 511 1088 custodiri
539 1049 704 1095 iuberet,
735 1061 784 1087 ne
813 1048 926 1095 forte,
946 1049 1011 1086 in-

71 1105 209 1155 quiunt
228 1134 239 1151 ,
267 1102 448 1152 discipuli
486 1102 570 1140 eius
597 1113 736 1151 corpus
764 1102 1010 1154 subducant,

71 1160 336 1208 spargantque
367 1156 407 1194 in
428 1155 580 1205 vulgus,
600 1155 712 1193 illum
732 1156 1009 1193 resurrexisse.

73 1212 222 1250 Verum
242 1221 340 1259 quae
357 1210 515 1248 tandem
534 1209 709 1246 humana
723 1209 929 1257 prudentia
940 1211 1011 1255 est,

72 1276 173 1315 quae
188 1264 330 1303 divinis
345 1262 517 1300 consiliis
534 1262 690 1300 obstet?
709 1262 814 1304 Quot
830 1274 1013 1312 apposue-

71 1330 113 1357 re
140 1317 320 1356 custodes
341 1345 351 1363 ,
379 1318 437 1354 tot
465 1316 688 1353 habuerunt
715 1316 1012 1354 resurrectionis

72 1372 157 1410 eius
170 1373 303 1409 testes.
319 1369 422 1408 Nam
438 1370 627 1415 Christus,
638 1369 739 1407 sicut
748 1370 1010 1418 praedixerat,

71 1425 193 1463 tertia
212 1436 235 1462 a
254 1426 380 1462 morte
400 1423 473 1469 die,
493 1434 592 1471 quae
612 1422 688 1460 fuit
707 1423 923 1470 Dominica‚
939 1435 1011 1460 cu-

72 1477 246 1516 stodibus
261 1488 404 1527 pavore
417 1475 648 1526 perterritis,
664 1476 895 1523 resurrexit,
911 1488 1011 1515 novo

73 1531 128 1570 sic
141 1534 181 1569 et
193 1531 366 1569 maximo
382 1529 571 1568 miraculo
584 1529 794 1576 doctrinae,
807 1530 1011 1579 operisque

73 1585 134 1623 sui
148 1585 359 1623 veritatem
374 1583 621 1621 confirmans.
632 1583 825 1632 Apparuit
839 1584 912 1633 piis
930 1595 1011 1621 mu-

72 1638 246 1684 lieribus,
273 1636 468 1686 Apostolis
488 1639 604 1685 atque
625 1636 833 1686 discipulis,
852 1649 928 1674 non
949 1649 1012 1675 se-

73 1691 151 1729 mel
179 1694 249 1729 aut
276 1691 356 1736 uni,
384 1690 451 1728 sed
479 1689 622 1739 pluries
640 1689 896 1739 pluribusque
913 1702 1010 1727 con-

73 1744 258 1793 gregatis,
269 1744 461 1793 praebens
475 1743 646 1791 seipsum
656 1743 794 1780 vivum
805 1743 937 1781 multis
953 1755 1012 1781 ar—

73 1797 293 1846 gumentis3
312 1807 399 1835 cum
418 1796 511 1845 ipsis
529 1795 771 1844 loquebatur,
791 1797 922 1834 cibum
941 1808 1010 1834 su-

73 1851 216 1896 mebat,
244 1852 284 1887 et
302 1849 537 1899 palpandum
557 1860 597 1886 se
617 1850 841 1897 exhibebat,
862 1853 906 1887 ut
924 1862 1011 1887 om-

73 1915 160 1941 nem
173 1903 453 1942 dubitationem
465 1914 514 1940 ex
526 1913 660 1939 eorum
678 1903 873 1942 mentibus
885 1903 1011 1942 exclu-

74 1956 185 1995 deret
205 1955 229 1995 ¹.

127 2010 185 2048 ll.
211 2009 400 2048 Christus
427 2011 611 2058 formata
638 2009 825 2047 Ecclesia
855 2011 901 2048 in
921 2021 1011 2048 coe-

77 2064 164 2102 lum
182 2064 370 2102 ascendit
383 2083 431 2091 —
448 2062 626 2101 Christus
645 2065 732 2112 post
753 2064 1011 2101 resurrectio-

73 2128 162 2155 nem
181 2127 295 2156 suam
315 2115 576 2165 quadraginta
595 2115 731 2154 diebus
747 2128 837 2154 cum
851 2118 1013 2166 Aposto-

71 2169 119 2208 lis
137 2173 401 2216 conversatus,
421 2181 486 2207 eos
506 2169 546 2207 in
565 2170 714 2207 tradita
734 2182 757 2208 a
773 2182 814 2208 se
834 2170 1011 2208 doctrina

73 2227 114 2262 et
139 2223 318 2262 instituta
347 2222 523 2261 Ecclesia
541 2222 691 2272 plenius
711 2223 750 2260 in
759 2224 919 2270 struxit,
933 2235 1012 2273 per

73 2277 158 2314 dies
175 2277 456 2326 quadrayz'nta
475 2288 686 2326 apparens
707 2278 765 2314 eis
783 2282 825 2314 et
843 2278 1011 2326 loquens

73 2330 122 2368 de
138 2341 264 2379 reyno
282 2329 393 2368 Dei'2.
411 2330 496 2379 Ipse
512 2330 722 2367 Ecclesiam
741 2342 853 2368 suam
873 2329 1013 2368 forma-

74 2383 144 2429 vit,
169 2395 301 2430 unam,
321 2386 510 2429 sanctam,
529 2384 763 2421 catholicam
779 2386 819 2421 et
834 2383 1011 2432 apostoli-

74 2447 173 2474 cam.
191 2435 303 2474 Illam
321 2436 526 2474 constituit
544 2436 790 2474 infallibilem
810 2437 1008 2474 doctrinae

74 2500 168 2526 suae
182 2489 393 2536 custodem,
402 2489 638 2527 columnam
647 2495 685 2527 et
695 2492 916 2540 firmamen
923 2495 1010 2528 tum

75 2544 262 2579 veritatis
280 2540 308 2580 ³.
337 2542 562 2592 Spopondit,
590 2555 631 2581 se
656 2543 692 2580 ei
729 2547 882 2593 praesto
903 2543 1010 2581 futu-

74 2606 165 2633 rum
185 2606 306 2644 usque
325 2595 375 2633 ad
392 2596 766 2634 consummationem
786 2597 952 2644 saeculi,
972 2600 1011 2634 et

75 2651 208 2698 portas
227 2647 340 2686 inferi
360 2649 547 2687 adversus
562 2650 738 2687 eamdem
754 2662 827 2687 non
844 2661 1010 2699 praeva-

73 2701 212 2739 lituras
240 2699 268 2739 ⁴.
290 2701 462 2739 Instituit
480 2701 520 2739 in
539 2714 585 2740 ea
612 2703 812 2752 publicum
832 2704 1012 2753 magiste-

73 2754 179 2792 rium
207 2756 248 2792 et
277 2754 550 2802 ministerium,
577 2757 753 2805 regimen
771 2756 1009 2805 perfectissi-

74 2818 183 2845 mum
211 2811 251 2845 et
279 2807 539 2845 hierarchiam
558 2810 898 2848 ordinatissimam.
916 2810 1009 2847 Tri-

73 2860 211 2909 plicem
227 2861 327 2898 hanc
342 2860 570 2909 magisterii,
587 2862 795 2900 ministerii
810 2868 849 2901 et
858 2863 1012 2913 regimi-

74 2913 133 2951 nis
147 2916 378 2964 potestatem
394 2915 585 2952 concessit
595 2915 789 2965 Apostolis
800 2928 1010 2966 eorumque

117 3085 127 3106 ¹
167 3086 270 3117 Matth.
299 3083 599 3122 XXVII-XXVm,
627 3084 720 3116 Marc.
746 3084 918 3123 XV·XVI;
941 3086 1011 3117 Luc.

77 3126 260 3165 XXIII-IV;
276 3128 359 3158 Ioan.
377 3125 549 3165 XIX-XX3
565 3127 635 3158 Act.
650 3125 761 3166 Apost.
784 3125 809 3158 Ι.

114 3167 128 3188 2
143 3169 212 3200 Act.
228 3171 254 3198 A
280 3173 336 3200 ost.
351 3169 375 3207 Ι,
392 3167 419 3199 3.

113 3208 128 3230 ⁸
143 3208 217 3240 Iad
259 3210 312 3241 im.
327 3209 442 3248 111,15.

113 3249 128 3273 ⁴
144 3251 247 3284 maun.
264 3251 352 3293 XVI,
368 3251 417 3291 18,
431 3250 582 3292 XXVIII,
597 3251 645 3283 ⁶20.

1050 249 1332 289 successoribus
1350 247 1374 287 ¹.
1396 248 1503 286 Inter
1521 258 1654 286 omnes
1671 247 1833 284 Petrum
1848 247 1887 285 in
1904 246 1995 285 fun-

1052 304 1277 342 damentum
1306 304 1346 340 et
1367 301 1516 340 visibile
1535 302 1654 351 caput
1674 300 1871 339 Ecclesiae
1900 312 1992 339 suae

1053 357 1193 406 selegit
1219 354 1257 403 ³3
1287 356 1321 394 ei
1350 355 1539 405 peculiari
1571 354 1722 392 ratione
1751 354 1914 392 seorsim
1945 355 1993 392 ab

1054 410 1138 448 aliis
1150 410 1278 448 claves
1295 409 1403 458 regni
1419 409 1615 446 coelorum
1629 419 1697 446 seu
1709 406 1990 456 plenitudinem

1055 463 1257 512 potestatis
1286 463 1474 500 concessit
1489 460 1526 509 ³3
1546 462 1579 499 ei
1596 473 1736 499 munus
1754 460 1935 510 pascendi
1952 463 1992 498 et

1055 516 1212 565 regendi
1241 528 1388 560 omnes,
1416 527 1538 564 agnos
1558 518 1597 553 et
1616 525 1722 561 oveS,
1742 513 1938 552 commisit
1957 512 1991 559 ⁴,

1055 570 1170 619 eique
1205 569 1274 607 soli
1313 571 1353 606 et
1379 568 1565 618 legitimis
1594 568 1675 606 eius
1703 567 1991 605 successoribus

1055 634 1249 660 summum
1266 622 1420 660 honoris
1436 624 1475 659 et
1491 621 1770 660 iurisdictionis
1781 620 1992 670 primatum

1055 676 1092 713 in
1113 676 1287 714 Ecclesia
1307 687 1376 714 sua
1396 675 1504 712 dedit
1522 674 1547 712 ⁵.

1108 728 1415 778 Quadragesimo
1436 727 1588 765 demum
1610 727 1671 765 die
1692 730 1778 777 post
1797 738 1906 765 suam
1926 738 1994 764 re-

1054 782 1334 820 surrectionem
1373 781 1550 819 Christus
1580 782 1766 830 promisso
1795 780 1994 830 Apostolis

1054 835 1203 885 Spiritu
1223 835 1276 881 S.,
1297 847 1318 872 e
1337 836 1468 872 monte
1484 834 1690 871 Olivarum
1709 845 1827 883 prope
1844 834 1994 872 Ierusa-

1054 885 1129 926 lem
1145 888 1221 926 illis
1236 888 1502 938 spectantibus
1513 887 1552 924 in
1565 888 1716 925 coelum
1730 887 1855 924 victor
1866 898 1995 925 ascen—

1054 943 1111 980 dit
1129 940 1154 980 ⁶.

1107 995 1179 1033 Hic
1200 997 1366 1044 quatuor
1384 992 1664 1043 Evangelistae
1676 993 1878 1031 historiam
1892 993 1995 1030 vitae

1052 1051 1091 1087 et
1120 1051 1320 1098 gestorum
1341 1049 1428 1086 Iesu
1450 1047 1593 1086 Christi
1613 1046 1840 1084 terminant.
1868 1047 1926 1084 Ex
1948 1046 1995 1084 iis

1054 1114 1103 1141 ss.
1122 1102 1347 1140 Matthaeus
1364 1103 1403 1139 et
1419 1101 1582 1138 Ioannes
1600 1099 1759 1138 fuerunt
1773 1102 1893 1137 testes
1909 1111 1996 1136 ocu·

1054 1157 1123 1194 lati
1140 1159 1180 1194 et
1194 1156 1312 1194 auriti
1329 1159 1506 1193 actorum
1523 1156 1562 1191 et
1579 1154 1769 1191 dictorum
1786 1154 1873 1191 Iesu
1889 1152 1995 1191 Chri-

1054 1210 1104 1247 sti
1122 1223 1131 1257 ς
1152 1221 1200 1248 ss.
1223 1209 1384 1247 Marcus
1405 1210 1444 1246 et
1460 1208 1598 1252 Lucas,
1616 1207 1706 1256 quia
1721 1206 1996 1255 Apostolorum

1055 1263 1214 1301 comites
1235 1266 1275 1301 et
1295 1262 1486 1311 discipuli,
1505 1261 1672 1299 testibus
1688 1259 1857 1298 oculatis
1877 1262 1918 1297 et
1932 1270 1997 1296 au-

1055 1317 1140 1355 ritis
1160 1315 1387 1354 accensendi
1403 1318 1505 1353 sunt.
1522 1314 1735 1352 Praeterea
1750 1324 1882 1351 omnes
1907 1324 1997 1361 qua-

1054 1373 1144 1408 tuor
1171 1370 1211 1408 in
1241 1369 1444 1408 scribendo
1473 1368 1635 1406 fuerunt
1663 1367 1852 1406 divinitus
1872 1366 1995 1416 inspi-

1055 1424 1130 1461 rati
1150 1421 1177 1462 ⁷.

1110 1477 1169 1515 12.
1205 1476 1460 1515 Testz'mom'a
1482 1477 1768 1524 proferuntur
1795 1474 1843 1511 de
1875 1473 1995 1511 Chri-

1054 1535 1175 1568 sto—
1190 1530 1436 1580 Ineptissime
1453 1528 1668 1578 Religionis
1685 1527 1923 1565 christianae
1934 1526 1998 1564 ad-

1054 1584 1219 1622 versarii
1239 1586 1376 1621 contra
1395 1582 1593 1621 Historiae
1614 1581 1867 1631 evangelicae
1886 1580 1995 1618 veri-

1054 1639 1177 1675 tatem
1197 1638 1461 1687 opposuerunt
1481 1635 1680 1673 silentium
1699 1639 1880 1673 veterum
1896 1633 1996 1672 scri-

1054 1693 1209 1739 ptorum
1228 1691 1455 1728 iudaeorum
1477 1692 1516 1727 et
1535 1689 1790 1726 ethnicorum.
1807 1688 1996 1730 Quamvis

1055 1744 1159 1781 enim
1187 1744 1224 1781 id
1253 1745 1306 1781 sit
1333 1746 1469 1792 petere
1497 1742 1722 1780 testimonia
1750 1753 1773 1779 a
1794 1740 1994 1779 christiani

1054 1797 1220 1835 nominis
1241 1797 1426 1843 hostibus,
1448 1796 1568 1833 nihilo
1587 1799 1720 1833 tamen
1743 1796 1866 1833 secius
1886 1805 1995 1843 repe-

1054 1851 1213 1888 riuntur
1232 1851 1272 1888 in
1292 1850 1450 1887 illorum
1470 1849 1624 1899 scriptis
1644 1850 1899 1886 monumenta
1918 1859 1994 1884 non

1055 1915 1188 1952 pauca,
1205 1904 1342 1952 quibus
1361 1902 1622 1952 Evangelicae
1633 1901 1832 1940 Historiae
1847 1900 1992 1939 veritas

1054 1956 1320 1994 confirmatur.
1341 1955 1431 1994 Non
1451 1956 1637 1993 immoror
1657 1955 1904 1993 vindicandis
1922 1954 1997 1992 Ab·

1054 2010 1153 2059 gari,
1174 2010 1287 2060 regis,
1317 2010 1488 2048 Edessae
1516 2009 1555 2046 in
1575 2009 1704 2059 Syria,
1726 2009 1774 2047 ad
1794 2008 1994 2046 Christum

1055 2063 1207 2101 litteris.
1229 2063 1374 2101 Scribit
1393 2063 1550 2112 quidem
1571 2062 1775 2109 Eusebius,
1791 2063 1994 2111 Abgarum

1055 2117 1190 2155 audita
1218 2117 1498 2155 miraculorum
1526 2116 1669 2154 Christi
1698 2115 1816 2162 fama,
1843 2115 1997 2153 litteras

1055 2171 1103 2208 ad
1124 2182 1214 2208 eum
1232 2171 1383 2209 misisse
1404 2182 1473 2220 pro
1492 2170 1738 2220 impetranda
1758 2168 1996 2207 valetudinis

1054 2224 1302 2262 restitutione
1319 2238 1328 2271 3
1348 2224 1544 2262 Christum
1564 2222 1820 2273 rescripsisse,
1836 2234 1877 2260 se
1897 2222 1994 2260 mis-

1054 2289 1189 2315 surum
1216 2290 1299 2316 esse
1320 2289 1441 2315 unum
1461 2289 1482 2315 e
1502 2276 1699 2326 discipulis
1719 2277 1822 2322 suis;
1842 2276 1994 2325 hacque

1053 2331 1249 2381 legatione
1287 2331 1451 2369 functun
1488 2328 1610 2368 fuisse
1650 2342 1678 2368 s.
1719 2330 1988 2367 Thaddaeum.

1054 2385 1269 2434 Utriusque
1298 2384 1486 2433 epistolae
1505 2383 1731 2432 exemplum
1751 2383 1869 2421 habet
1888 2382 1989 2419 idem

1052 2438 1246 2476 Eusebius
1273 2435 1301 2477 ⁸.
1329 2438 1405 2475 Sed
1435 2436 1617 2487 epistolas
1646 2437 1745 2483 illas,
1775 2435 1953 2485 quamvis
1971 2446 1995 2471 a

1051 2491 1281 2541 quibusdam
1290 2493 1445 2540 propter
1454 2490 1612 2529 Eusebii
1623 2489 1894 2528 auctoritatem
1910 2500 1998 2538 pro-

1052 2547 1289 2595 pugnentur,
1309 2544 1543 2594 apocryphis
1562 2555 1647 2582 esse
1668 2542 1996 2589 adnumerandas,

1094 2673 1104 2695 ¹
1121 2674 1226 2745 Μτὲῑὴ.
1247 2672 1364 2712 XVIII,
1386 2671 1546 2710 XXVIII;
1569 2672 1662 2704 Marc.
1680 2669 1775 2707 XVI;
1792 2670 1863 2702 Luc.
1883 2668 1992 2708 XX11;

1055 2716 1137 2747 loan.
1187 2715 1228 2746 X.
1880 2744 1887 2751 .

1094 2756 1108 2778 2
1124 2757 1228 2787 Matlh.
1244 2755 1332 2795 XVI,
1352 2754 1400 2787 18.

1093 2798 1108 2820 3
1124 2797 1198 2828 lbid.
1216 2797 1265 2828 19.
1400 2810 1402 2813 v

1093 2840 1107 2862 4
1124 2839 1208 2870 loan.
1224 2838 1312 2875 XXI,
1330 2838 1434 2870 15-17.

1094 2888 1108 2911 5
1124 2881 1166 2911 De
1190 2880 1345 2911 Ecclesiae
1368 2878 1567 2916 institutione,
1594 2877 1854 2918 proprietatibus,
1873 2877 1996 2909 hierar-

1054 2921 1133 2959 chia,
1156 2924 1185 2952 et
1208 2921 1288 2952 Petri
1311 2922 1440 2960 eiusque
1463 2927 1678 2951 successorum
1695 2920 1838 2959 primatu,
1855 2919 1888 2949 cs
1907 2919 1994 2950 Card.

1055 2962 1239 3001 Bellarmin.‚
1259 2961 1556 2994 Controversiaram
1573 2959 1661 2992 Fidei
1681 2963 1700 2991 t.
1718 2961 1746 2999 I;
1764 2961 1797 2990 D.
1814 2962 1915 2991 petav.
1928 2986 1936 2998 ,
1950 2960 1996 2991 De

1054 3003 1266 3035 ecclesiastica
1282 3003 1478 3040 hierarchia,
1492 3001 1581 3040 1643,
1596 3006 1626 3033 et
1641 3001 1730 3041 1700,
1746 3003 1777 3033 in
1795 3001 1864 3039 fol.;
1880 3002 1996 3033 Mama-

1055 3045 1115 3083 chi,
1134 3044 1277 3084 Oriyines
1294 3046 1326 3075 et
1340 3044 1544 3084 antiquitates
1559 3043 1764 3080 christianae,
1780 3046 1801 3075 t.
1818 3043 1994 3081 IV;Perro-

1055 3096 1102 3125 ne,
1126 3085 1357 3118 praelectiones
1383 3084 1585 3125 theoloqicae,
1600 3089 1620 3116 t.
1638 3085 1714 3124 V1113
1730 3086 1762 3116 P.
1779 3084 1936 3124 Ballerini,
1951 3083 1996 3117 De

1055 3128 1085 3159 vi
1099 3130 1129 3158 et
1145 3127 1268 3158 ratione
1282 3127 1458 3167 primatus,-
1476 3127 1562 3157 alios.

1095 3169 1109 3191 6
1124 3170 1215 3200 Marc.
1235 3169 1312 3205 XVI;
1329 3169 1398 3199 Luc.
1415 3168 1523 3205 xxm
1539 3168 1608 3200 Act.
1623 3168 1643 3199 Ι.

1095 3210 1109 3233 7
1127 3210 1164 3241 Cf
1174 3210 1390 3241 Bellarminum
1406 3212 1435 3240 et
1450 3210 1527 3245 alios
1543 3219 1574 3250 p.
1590 3210 1625 3241 Vl
1640 3209 1800 3245 indicatos.

1099 3252 1112 3274 8
1127 3251 1221 3284 Hisc.
1237 3251 1310 3282 eccl.
1327 3251 1345 3282 l.
1363 3251 1384 3292 1,
1400 3260 1424 3283 c.
1443 3249 1489 3282 13.
