<?xml version="1.0" encoding="UTF-8"?>
<!DOCTYPE html PUBLIC "-//W3C//DTD XHTML 1.0 Transitional//EN"
    "http://www.w3.org/TR/xhtml1/DTD/xhtml1-transitional.dtd">
<html xmlns="http://www.w3.org/1999/xhtml" xml:lang="en" lang="en">
 <head>
  <title>
</title>
<meta http-equiv="Content-Type" content="text/html;charset=utf-8" />
  <meta name='ocr-system' content='tesseract 3.04.00' />
  <meta name='ocr-capabilities' content='ocr_page ocr_carea ocr_par ocr_line ocrx_word'/>
</head>
<body>
  <div class='ocr_page' id='page_1' title='image "./historiaeecclesi01wout_0508.png"; bbox 0 0 2241 3473; ppageno 0'>
   <div class='ocr_carea' id='block_1_1' title="bbox 262 116 337 155">
    <p class='ocr_par' dir='ltr' id='par_1_1' title="bbox 262 116 337 155">
     <span class='ocr_line' id='line_1_1' title="bbox 262 116 337 155; baseline -0.013 0"><span class='ocrx_word' id='word_1_1' title='bbox 262 116 337 155; x_wconf 88' lang='grc'>186</span> 
     </span>
    </p>
   </div>
   <div class='ocr_carea' id='block_1_2' title="bbox 209 187 1174 2589">
    <p class='ocr_par' dir='ltr' id='par_1_2' title="bbox 209 187 1174 2589">
     <span class='ocr_line' id='line_1_2' title="bbox 210 187 1144 242; baseline -0.006 -12"><span class='ocrx_word' id='word_1_2' title='bbox 210 195 402 242; x_wconf 89' lang='lat' dir='ltr'>quatuor,</span> <span class='ocrx_word' id='word_1_3' title='bbox 432 203 508 228; x_wconf 90' lang='lat' dir='ltr'>non</span> <span class='ocrx_word' id='word_1_4' title='bbox 536 188 734 238; x_wconf 83' lang='lat' dir='ltr'>pauciores</span> <span class='ocrx_word' id='word_1_5' title='bbox 764 188 791 226; x_wconf 86' lang='lat'>¹.</span> <span class='ocrx_word' id='word_1_6' title='bbox 823 189 1039 236; x_wconf 85' lang='lat' dir='ltr'>Vulgatam</span> <span class='ocrx_word' id='word_1_7' title='bbox 1072 187 1144 224; x_wconf 90' lang='lat' dir='ltr'>Bi-</span> 
     </span>
     <span class='ocr_line' id='line_1_3' title="bbox 209 241 1145 284; baseline -0.009 0"><span class='ocrx_word' id='word_1_8' title='bbox 209 246 376 284; x_wconf 89' lang='lat' dir='ltr'>bliorum</span> <span class='ocrx_word' id='word_1_9' title='bbox 406 244 621 281; x_wconf 81' lang='lat' dir='ltr'>versionem</span> <span class='ocrx_word' id='word_1_10' title='bbox 652 242 815 279; x_wconf 88' lang='lat' dir='ltr'>latinam</span> <span class='ocrx_word' id='word_1_11' title='bbox 853 243 893 278; x_wconf 91' lang='lat' dir='ltr'>et</span> <span class='ocrx_word' id='word_1_12' title='bbox 925 241 1145 277; x_wconf 79' lang='lat' dir='ltr'>versionem</span> 
     </span>
     <span class='ocr_line' id='line_1_4' title="bbox 212 294 1144 348; baseline -0.008 -12"><span class='ocrx_word' id='word_1_13' title='bbox 212 309 395 348; x_wconf 76' lang='lat' dir='ltr'>graecam</span> <span class='ocrx_word' id='word_1_14' title='bbox 413 296 525 333; x_wconf 88' lang='lat' dir='ltr'>LXX</span> <span class='ocrx_word' id='word_1_15' title='bbox 540 307 610 344; x_wconf 90' lang='lat' dir='ltr'>ope</span> <span class='ocrx_word' id='word_1_16' title='bbox 629 295 803 332; x_wconf 88' lang='lat' dir='ltr'>virorum</span> <span class='ocrx_word' id='word_1_17' title='bbox 821 323 830 340; x_wconf 96' lang='lat'>,</span> <span class='ocrx_word' id='word_1_18' title='bbox 850 305 899 331; x_wconf 88' lang='lat' dir='ltr'>ss.</span> <span class='ocrx_word' id='word_1_19' title='bbox 920 294 1144 341; x_wconf 86' lang='lat' dir='ltr'>Scriptura-</span> 
     </span>
     <span class='ocr_line' id='line_1_5' title="bbox 212 347 1144 398; baseline -0.006 -9"><span class='ocrx_word' id='word_1_20' title='bbox 212 364 297 389; x_wconf 82' lang='lat' dir='ltr'>rum</span> <span class='ocrx_word' id='word_1_21' title='bbox 318 357 356 388; x_wconf 87' lang='lat' dir='ltr'>et</span> <span class='ocrx_word' id='word_1_22' title='bbox 374 350 595 398; x_wconf 89' lang='lat' dir='ltr'>linguarum</span> <span class='ocrx_word' id='word_1_23' title='bbox 634 348 860 397; x_wconf 85' lang='lat' dir='ltr'>peritorum,</span> <span class='ocrx_word' id='word_1_24' title='bbox 883 347 1034 384; x_wconf 88' lang='lat' dir='ltr'>collatis</span> <span class='ocrx_word' id='word_1_25' title='bbox 1053 356 1144 383; x_wconf 86' lang='lat' dir='ltr'>mss.</span> 
     </span>
     <span class='ocr_line' id='line_1_6' title="bbox 212 399 1147 450; baseline -0.006 -9"><span class='ocrx_word' id='word_1_26' title='bbox 212 405 417 447; x_wconf 73' lang='lat' dir='ltr'>codicibus,</span> <span class='ocrx_word' id='word_1_27' title='bbox 456 401 647 438; x_wconf 81' lang='lat' dir='ltr'>hebraicis</span> <span class='ocrx_word' id='word_1_28' title='bbox 671 403 710 438; x_wconf 93' lang='lat' dir='ltr'>et</span> <span class='ocrx_word' id='word_1_29' title='bbox 729 400 880 450; x_wconf 86' lang='lat' dir='ltr'>graecis</span> <span class='ocrx_word' id='word_1_30' title='bbox 917 399 1087 437; x_wconf 78' lang='lat' dir='ltr'>font-ibus</span> <span class='ocrx_word' id='word_1_31' title='bbox 1107 401 1147 436; x_wconf 91' lang='lat' dir='ltr'>et</span> 
     </span>
     <span class='ocr_line' id='line_1_7' title="bbox 212 452 1144 495; baseline -0.006 0"><span class='ocrx_word' id='word_1_32' title='bbox 212 458 374 495; x_wconf 83' lang='lat' dir='ltr'>Patrum</span> <span class='ocrx_word' id='word_1_33' title='bbox 412 454 697 492; x_wconf 86' lang='lat' dir='ltr'>commentariis</span> <span class='ocrx_word' id='word_1_34' title='bbox 734 453 919 491; x_wconf 75' lang='lat' dir='ltr'>consultis</span> <span class='ocrx_word' id='word_1_35' title='bbox 959 452 1144 490; x_wconf 87' lang='lat' dir='ltr'>correxit.</span> 
     </span>
     <span class='ocr_line' id='line_1_8' title="bbox 212 506 1147 556; baseline -0.006 -8"><span class='ocrx_word' id='word_1_36' title='bbox 212 511 255 547; x_wconf 92' lang='lat' dir='ltr'>In</span> <span class='ocrx_word' id='word_1_37' title='bbox 274 508 536 547; x_wconf 84' lang='lat' dir='ltr'>Elisabetham</span> <span class='ocrx_word' id='word_1_38' title='bbox 565 508 740 555; x_wconf 82' lang='lat' dir='ltr'>reginam</span> <span class='ocrx_word' id='word_1_39' title='bbox 759 507 934 556; x_wconf 88' lang='lat' dir='ltr'>Angliae,</span> <span class='ocrx_word' id='word_1_40' title='bbox 962 517 1062 555; x_wconf 84' lang='lat' dir='ltr'>quae</span> <span class='ocrx_word' id='word_1_41' title='bbox 1082 506 1147 542; x_wconf 61' lang='lat' dir='ltr'>Cab</span> 
     </span>
     <span class='ocr_line' id='line_1_9' title="bbox 213 559 1146 610; baseline -0.005 -10"><span class='ocrx_word' id='word_1_42' title='bbox 213 564 373 600; x_wconf 89' lang='lat' dir='ltr'>tholicos</span> <span class='ocrx_word' id='word_1_43' title='bbox 409 573 525 599; x_wconf 90' lang='lat' dir='ltr'>saeve</span> <span class='ocrx_word' id='word_1_44' title='bbox 565 561 870 610; x_wconf 77' lang='lat' dir='ltr'>persequebatur</span> <span class='ocrx_word' id='word_1_45' title='bbox 907 567 946 597; x_wconf 87' lang='lat' dir='ltr'>et</span> <span class='ocrx_word' id='word_1_46' title='bbox 982 559 1146 598; x_wconf 86' lang='lat' dir='ltr'>Mariam</span> 
     </span>
     <span class='ocr_line' id='line_1_10' title="bbox 213 613 1149 662; baseline -0.004 -9"><span class='ocrx_word' id='word_1_47' title='bbox 213 618 413 653; x_wconf 82' lang='lat' dir='ltr'>Stuartam</span> <span class='ocrx_word' id='word_1_48' title='bbox 431 615 604 662; x_wconf 81' lang='lat' dir='ltr'>reginam</span> <span class='ocrx_word' id='word_1_49' title='bbox 621 614 773 651; x_wconf 85' lang='lat' dir='ltr'>Scotiae</span> <span class='ocrx_word' id='word_1_50' title='bbox 785 613 922 662; x_wconf 90' lang='lat' dir='ltr'>capitis</span> <span class='ocrx_word' id='word_1_51' title='bbox 931 613 1149 658; x_wconf 87' lang='lat' dir='ltr'>damnarat,</span> 
     </span>
     <span class='ocr_line' id='line_1_11' title="bbox 212 667 1149 716; baseline -0.003 -11"><span class='ocrx_word' id='word_1_52' title='bbox 212 667 875 716; x_wconf 85' lang='lat' dir='ltr'>anathemaintegravit.Henricum</span> <span class='ocrx_word' id='word_1_53' title='bbox 893 667 1149 703; x_wconf 87' lang='lat' dir='ltr'>Borbonicum</span> 
     </span>
     <span class='ocr_line' id='line_1_12' title="bbox 213 720 1149 770; baseline -0.004 -11"><span class='ocrx_word' id='word_1_54' title='bbox 213 734 345 770; x_wconf 84' lang='lat' dir='ltr'>regem</span> <span class='ocrx_word' id='word_1_55' title='bbox 382 720 586 758; x_wconf 83' lang='lat' dir='ltr'>Navarrae</span> <span class='ocrx_word' id='word_1_56' title='bbox 623 723 662 758; x_wconf 94' lang='lat' dir='ltr'>et</span> <span class='ocrx_word' id='word_1_57' title='bbox 690 721 903 758; x_wconf 89' lang='lat' dir='ltr'>Henricum</span> <span class='ocrx_word' id='word_1_58' title='bbox 937 720 1149 769; x_wconf 87' lang='lat' dir='ltr'>principem</span> 
     </span>
     <span class='ocr_line' id='line_1_13' title="bbox 213 773 1152 823; baseline -0.003 -11"><span class='ocrx_word' id='word_1_59' title='bbox 213 775 450 819; x_wconf 87' lang='lat' dir='ltr'>Condaeum,</span> <span class='ocrx_word' id='word_1_60' title='bbox 470 774 769 823; x_wconf 87' lang='lat' dir='ltr'>Hugonotorum</span> <span class='ocrx_word' id='word_1_61' title='bbox 797 773 836 811; x_wconf 89' lang='lat' dir='ltr'>in</span> <span class='ocrx_word' id='word_1_62' title='bbox 867 773 995 810; x_wconf 89' lang='lat' dir='ltr'>Gallia</span> <span class='ocrx_word' id='word_1_63' title='bbox 1024 773 1152 817; x_wconf 79' lang='lat' dir='ltr'>duces,</span> 
     </span>
     <span class='ocr_line' id='line_1_14' title="bbox 213 827 1152 876; baseline -0.004 -10"><span class='ocrx_word' id='word_1_64' title='bbox 213 829 462 866; x_wconf 88' lang='lat' dir='ltr'>anathemate</span> <span class='ocrx_word' id='word_1_65' title='bbox 491 827 667 876; x_wconf 87' lang='lat' dir='ltr'>perculit,</span> <span class='ocrx_word' id='word_1_66' title='bbox 697 827 877 876; x_wconf 88' lang='lat' dir='ltr'>omnique</span> <span class='ocrx_word' id='word_1_67' title='bbox 897 828 982 864; x_wconf 89' lang='lat' dir='ltr'>iure</span> <span class='ocrx_word' id='word_1_68' title='bbox 1003 837 1152 864; x_wconf 88' lang='lat' dir='ltr'>succes-</span> 
     </span>
     <span class='ocr_line' id='line_1_15' title="bbox 214 879 1152 929; baseline -0.003 -11"><span class='ocrx_word' id='word_1_69' title='bbox 214 882 331 919; x_wconf 88' lang='lat' dir='ltr'>sionis</span> <span class='ocrx_word' id='word_1_70' title='bbox 352 881 399 918; x_wconf 89' lang='lat' dir='ltr'>ad</span> <span class='ocrx_word' id='word_1_71' title='bbox 420 892 584 929; x_wconf 85' lang='lat' dir='ltr'>regnum</span> <span class='ocrx_word' id='word_1_72' title='bbox 605 884 743 919; x_wconf 81' lang='lat' dir='ltr'>exutos</span> <span class='ocrx_word' id='word_1_73' title='bbox 764 880 991 918; x_wconf 68' lang='lat' dir='ltr'>declaravit.</span> <span class='ocrx_word' id='word_1_74' title='bbox 1013 879 1152 917; x_wconf 88' lang='lat' dir='ltr'>Henri-</span> 
     </span>
     <span class='ocr_line' id='line_1_16' title="bbox 214 931 1152 984; baseline -0.003 -13"><span class='ocrx_word' id='word_1_75' title='bbox 214 946 302 972; x_wconf 87' lang='lat' dir='ltr'>cum</span> <span class='ocrx_word' id='word_1_76' title='bbox 323 935 380 972; x_wconf 88' lang='lat' dir='ltr'>III</span> <span class='ocrx_word' id='word_1_77' title='bbox 402 946 533 983; x_wconf 85' lang='lat' dir='ltr'>regem</span> <span class='ocrx_word' id='word_1_78' title='bbox 554 935 704 972; x_wconf 88' lang='lat' dir='ltr'>Galliae</span> <span class='ocrx_word' id='word_1_79' title='bbox 725 937 882 984; x_wconf 88' lang='lat' dir='ltr'>propter</span> <span class='ocrx_word' id='word_1_80' title='bbox 911 946 1046 971; x_wconf 80' lang='lat' dir='ltr'>necem</span> <span class='ocrx_word' id='word_1_81' title='bbox 1067 931 1152 970; x_wconf 91' lang='lat' dir='ltr'>duci</span> 
     </span>
     <span class='ocr_line' id='line_1_17' title="bbox 214 986 1155 1026; baseline -0.004 0"><span class='ocrx_word' id='word_1_82' title='bbox 214 992 254 1026; x_wconf 90' lang='lat' dir='ltr'>et</span> <span class='ocrx_word' id='word_1_83' title='bbox 274 987 469 1025; x_wconf 86' lang='lat' dir='ltr'>Cardinali</span> <span class='ocrx_word' id='word_1_84' title='bbox 489 988 632 1025; x_wconf 87' lang='lat' dir='ltr'>Guisiis</span> <span class='ocrx_word' id='word_1_85' title='bbox 659 989 808 1026; x_wconf 85' lang='lat' dir='ltr'>illatam</span> <span class='ocrx_word' id='word_1_86' title='bbox 838 988 959 1026; x_wconf 84' lang='lat' dir='ltr'>sacris</span> <span class='ocrx_word' id='word_1_87' title='bbox 988 986 1155 1024; x_wconf 88' lang='lat' dir='ltr'>interdi-</span> 
     </span>
     <span class='ocr_line' id='line_1_18' title="bbox 214 1040 1158 1088; baseline -0.001 -9"><span class='ocrx_word' id='word_1_88' title='bbox 214 1043 275 1080; x_wconf 87' lang='lat' dir='ltr'>xit</span> <span class='ocrx_word' id='word_1_89' title='bbox 304 1040 330 1078; x_wconf 81' lang='lat'>².</span> <span class='ocrx_word' id='word_1_90' title='bbox 362 1041 593 1079; x_wconf 86' lang='lat' dir='ltr'>Memoriam</span> <span class='ocrx_word' id='word_1_91' title='bbox 620 1042 666 1079; x_wconf 93' lang='lat' dir='ltr'>D.</span> <span class='ocrx_word' id='word_1_92' title='bbox 696 1042 997 1079; x_wconf 83' lang='lat' dir='ltr'>Bonaventurae</span> <span class='ocrx_word' id='word_1_93' title='bbox 1027 1053 1050 1078; x_wconf 89' lang='lat' dir='ltr'>a</span> <span class='ocrx_word' id='word_1_94' title='bbox 1077 1040 1158 1088; x_wconf 80' lang='lat' dir='ltr'>Xy-</span> 
     </span>
     <span class='ocr_line' id='line_1_19' title="bbox 215 1093 1157 1144; baseline -0.004 -11"><span class='ocrx_word' id='word_1_95' title='bbox 215 1100 273 1133; x_wconf 87' lang='lat' dir='ltr'>sto</span> <span class='ocrx_word' id='word_1_96' title='bbox 306 1095 361 1132; x_wconf 90' lang='lat' dir='ltr'>IV</span> <span class='ocrx_word' id='word_1_97' title='bbox 391 1095 536 1132; x_wconf 86' lang='lat' dir='ltr'>sanctis</span> <span class='ocrx_word' id='word_1_98' title='bbox 564 1095 793 1132; x_wconf 87' lang='lat' dir='ltr'>Doctoribus</span> <span class='ocrx_word' id='word_1_99' title='bbox 823 1094 1010 1144; x_wconf 76' lang='lat' dir='ltr'>adscripti</span> <span class='ocrx_word' id='word_1_100' title='bbox 1041 1093 1157 1131; x_wconf 87' lang='lat' dir='ltr'>iussit</span> 
     </span>
     <span class='ocr_line' id='line_1_20' title="bbox 215 1147 1157 1198; baseline -0.002 -13"><span class='ocrx_word' id='word_1_101' title='bbox 215 1149 337 1198; x_wconf 80' lang='lat' dir='ltr'>pridie</span> <span class='ocrx_word' id='word_1_102' title='bbox 357 1149 443 1186; x_wconf 90' lang='lat' dir='ltr'>idus</span> <span class='ocrx_word' id='word_1_103' title='bbox 462 1148 545 1185; x_wconf 90' lang='lat' dir='ltr'>iulii</span> <span class='ocrx_word' id='word_1_104' title='bbox 565 1149 757 1186; x_wconf 88' lang='lat' dir='ltr'>celebrari</span> <span class='ocrx_word' id='word_1_105' title='bbox 779 1148 912 1185; x_wconf 86' lang='lat' dir='ltr'>Officio</span> <span class='ocrx_word' id='word_1_106' title='bbox 933 1147 1089 1196; x_wconf 82' lang='lat' dir='ltr'>duplici3</span> <span class='ocrx_word' id='word_1_107' title='bbox 1111 1147 1157 1184; x_wconf 90' lang='lat' dir='ltr'>si-</span> 
     </span>
     <span class='ocr_line' id='line_1_21' title="bbox 216 1200 1158 1248; baseline -0.002 -9"><span class='ocrx_word' id='word_1_108' title='bbox 216 1205 282 1240; x_wconf 88' lang='lat' dir='ltr'>cut</span> <span class='ocrx_word' id='word_1_109' title='bbox 300 1201 421 1239; x_wconf 86' lang='lat' dir='ltr'>etiam</span> <span class='ocrx_word' id='word_1_110' title='bbox 440 1202 484 1239; x_wconf 94' lang='lat' dir='ltr'>D.</span> <span class='ocrx_word' id='word_1_111' title='bbox 506 1203 663 1239; x_wconf 79' lang='lat' dir='ltr'>Antonii</span> <span class='ocrx_word' id='word_1_112' title='bbox 683 1202 868 1240; x_wconf 79' lang='lat' dir='ltr'>Patavini</span> <span class='ocrx_word' id='word_1_113' title='bbox 884 1201 1062 1248; x_wconf 78' lang='lat' dir='ltr'>Festum,</span> <span class='ocrx_word' id='word_1_114' title='bbox 1080 1200 1158 1237; x_wconf 91' lang='lat' dir='ltr'>idi-</span> 
     </span>
     <span class='ocr_line' id='line_1_22' title="bbox 216 1255 1059 1300; baseline -0.001 -7"><span class='ocrx_word' id='word_1_115' title='bbox 216 1256 289 1294; x_wconf 90' lang='lat' dir='ltr'>bus</span> <span class='ocrx_word' id='word_1_116' title='bbox 310 1255 404 1293; x_wconf 88' lang='lat' dir='ltr'>iunii</span> <span class='ocrx_word' id='word_1_117' title='bbox 425 1255 685 1300; x_wconf 88' lang='lat' dir='ltr'>recolendum,</span> <span class='ocrx_word' id='word_1_118' title='bbox 706 1259 797 1293; x_wconf 90' lang='lat' dir='ltr'>ante</span> <span class='ocrx_word' id='word_1_119' title='bbox 817 1256 1059 1293; x_wconf 89' lang='lat' dir='ltr'>decreverat.</span> 
     </span>
     <span class='ocr_line' id='line_1_23' title="bbox 270 1307 1160 1347; baseline -0.001 -1"><span class='ocrx_word' id='word_1_120' title='bbox 270 1310 490 1347; x_wconf 87' lang='lat' dir='ltr'>Conversus</span> <span class='ocrx_word' id='word_1_121' title='bbox 524 1309 612 1346; x_wconf 87' lang='lat' dir='ltr'>hinc</span> <span class='ocrx_word' id='word_1_122' title='bbox 645 1310 693 1346; x_wconf 89' lang='lat' dir='ltr'>ad</span> <span class='ocrx_word' id='word_1_123' title='bbox 714 1309 784 1346; x_wconf 90' lang='lat' dir='ltr'>Dei</span> <span class='ocrx_word' id='word_1_124' title='bbox 812 1309 962 1346; x_wconf 85' lang='lat' dir='ltr'>cultum</span> <span class='ocrx_word' id='word_1_125' title='bbox 986 1312 1025 1346; x_wconf 90' lang='lat' dir='ltr'>et</span> <span class='ocrx_word' id='word_1_126' title='bbox 1045 1307 1160 1345; x_wconf 83' lang='lat' dir='ltr'>Urbis</span> 
     </span>
     <span class='ocr_line' id='line_1_24' title="bbox 217 1360 1160 1412; baseline -0.002 -12"><span class='ocrx_word' id='word_1_127' title='bbox 217 1363 335 1400; x_wconf 88' lang='lat' dir='ltr'>decus</span> <span class='ocrx_word' id='word_1_128' title='bbox 363 1363 606 1410; x_wconf 85' lang='lat' dir='ltr'>augendum,</span> <span class='ocrx_word' id='word_1_129' title='bbox 628 1367 838 1412; x_wconf 82' lang='lat' dir='ltr'>utrumque</span> <span class='ocrx_word' id='word_1_130' title='bbox 870 1362 1067 1412; x_wconf 90' lang='lat' dir='ltr'>praestitit</span> <span class='ocrx_word' id='word_1_131' title='bbox 1099 1360 1160 1398; x_wconf 80' lang='lat' dir='ltr'>fa-</span> 
     </span>
     <span class='ocr_line' id='line_1_25' title="bbox 217 1415 1161 1465; baseline -0.002 -11"><span class='ocrx_word' id='word_1_132' title='bbox 217 1417 331 1465; x_wconf 90' lang='lat' dir='ltr'>stigio</span> <span class='ocrx_word' id='word_1_133' title='bbox 351 1416 531 1464; x_wconf 84' lang='lat' dir='ltr'>imposito</span> <span class='ocrx_word' id='word_1_134' title='bbox 560 1416 750 1454; x_wconf 86' lang='lat' dir='ltr'>Basilicae</span> <span class='ocrx_word' id='word_1_135' title='bbox 769 1429 798 1454; x_wconf 90' lang='lat' dir='ltr'>s.</span> <span class='ocrx_word' id='word_1_136' title='bbox 824 1417 930 1454; x_wconf 80' lang='lat' dir='ltr'>Petri</span> <span class='ocrx_word' id='word_1_137' title='bbox 949 1446 957 1462; x_wconf 95' lang='lat'>,</span> <span class='ocrx_word' id='word_1_138' title='bbox 986 1415 1161 1463; x_wconf 88' lang='lat' dir='ltr'>Templis</span> 
     </span>
     <span class='ocr_line' id='line_1_26' title="bbox 218 1468 1162 1518; baseline -0.002 -11"><span class='ocrx_word' id='word_1_139' title='bbox 218 1469 530 1518; x_wconf 86' lang='lat' dir='ltr'>magnificentius</span> <span class='ocrx_word' id='word_1_140' title='bbox 550 1469 774 1507; x_wconf 75' lang='lat' dir='ltr'>instauratis</span> <span class='ocrx_word' id='word_1_141' title='bbox 795 1468 828 1515; x_wconf 77' lang='lat'>³,</span> <span class='ocrx_word' id='word_1_142' title='bbox 848 1469 1018 1507; x_wconf 87' lang='lat' dir='ltr'>fontibus</span> <span class='ocrx_word' id='word_1_143' title='bbox 1039 1469 1162 1506; x_wconf 90' lang='lat' dir='ltr'>dedu-</span> 
     </span>
     <span class='ocr_line' id='line_1_27' title="bbox 219 1522 1163 1569; baseline -0.003 -8"><span class='ocrx_word' id='word_1_144' title='bbox 219 1524 306 1569; x_wconf 86' lang='lat' dir='ltr'>ctis,</span> <span class='ocrx_word' id='word_1_145' title='bbox 327 1523 400 1560; x_wconf 87' lang='lat' dir='ltr'>viis</span> <span class='ocrx_word' id='word_1_146' title='bbox 420 1523 566 1568; x_wconf 87' lang='lat' dir='ltr'>stratis,</span> <span class='ocrx_word' id='word_1_147' title='bbox 588 1523 851 1569; x_wconf 81' lang='lat' dir='ltr'>xenodochiis,</span> <span class='ocrx_word' id='word_1_148' title='bbox 871 1522 1062 1568; x_wconf 81' lang='lat' dir='ltr'>obeliscis,</span> <span class='ocrx_word' id='word_1_149' title='bbox 1083 1525 1163 1559; x_wconf 85' lang='lat' dir='ltr'>sta—</span> 
     </span>
     <span class='ocr_line' id='line_1_28' title="bbox 220 1576 1164 1625; baseline -0.001 -12"><span class='ocrx_word' id='word_1_150' title='bbox 220 1577 312 1623; x_wconf 88' lang='lat' dir='ltr'>tuis,</span> <span class='ocrx_word' id='word_1_151' title='bbox 331 1577 517 1614; x_wconf 86' lang='lat' dir='ltr'>columnis</span> <span class='ocrx_word' id='word_1_152' title='bbox 537 1577 674 1615; x_wconf 86' lang='lat' dir='ltr'>erectis</span> <span class='ocrx_word' id='word_1_153' title='bbox 694 1576 722 1622; x_wconf 70' lang='lat'>‘¹;</span> <span class='ocrx_word' id='word_1_154' title='bbox 739 1577 930 1614; x_wconf 83' lang='lat' dir='ltr'>Vaticana</span> <span class='ocrx_word' id='word_1_155' title='bbox 955 1577 1164 1625; x_wconf 78' lang='lat' dir='ltr'>Typogra-</span> 
     </span>
     <span class='ocr_line' id='line_1_29' title="bbox 221 1630 1165 1680; baseline -0.002 -13"><span class='ocrx_word' id='word_1_156' title='bbox 221 1630 310 1680; x_wconf 88' lang='lat' dir='ltr'>phia</span> <span class='ocrx_word' id='word_1_157' title='bbox 329 1633 368 1667; x_wconf 89' lang='lat' dir='ltr'>et</span> <span class='ocrx_word' id='word_1_158' title='bbox 395 1630 632 1668; x_wconf 78' lang='lat' dir='ltr'>Bibliotheca</span> <span class='ocrx_word' id='word_1_159' title='bbox 661 1630 1045 1680; x_wconf 86' lang='lat' dir='ltr'>magnificentissime</span> <span class='ocrx_word' id='word_1_160' title='bbox 1075 1641 1165 1666; x_wconf 89' lang='lat' dir='ltr'>con-</span> 
     </span>
     <span class='ocr_line' id='line_1_30' title="bbox 221 1682 1164 1722; baseline -0.001 -2"><span class='ocrx_word' id='word_1_161' title='bbox 221 1685 372 1721; x_wconf 86' lang='lat' dir='ltr'>structa</span> <span class='ocrx_word' id='word_1_162' title='bbox 399 1687 438 1721; x_wconf 90' lang='lat' dir='ltr'>et</span> <span class='ocrx_word' id='word_1_163' title='bbox 466 1686 667 1722; x_wconf 85' lang='lat' dir='ltr'>exornata.</span> <span class='ocrx_word' id='word_1_164' title='bbox 689 1684 790 1722; x_wconf 92' lang='lat' dir='ltr'>Hinc</span> <span class='ocrx_word' id='word_1_165' title='bbox 812 1696 914 1721; x_wconf 86' lang='lat' dir='ltr'>nova</span> <span class='ocrx_word' id='word_1_166' title='bbox 942 1684 1027 1721; x_wconf 90' lang='lat' dir='ltr'>visa</span> <span class='ocrx_word' id='word_1_167' title='bbox 1047 1682 1164 1720; x_wconf 85' lang='lat' dir='ltr'>Urbis</span> 
     </span>
     <span class='ocr_line' id='line_1_31' title="bbox 221 1735 1165 1786; baseline -0.003 -11"><span class='ocrx_word' id='word_1_168' title='bbox 221 1737 352 1775; x_wconf 78' lang='lat' dir='ltr'>facies.</span> <span class='ocrx_word' id='word_1_169' title='bbox 365 1737 408 1773; x_wconf 93' lang='lat' dir='ltr'>In</span> <span class='ocrx_word' id='word_1_170' title='bbox 425 1738 518 1775; x_wconf 88' lang='lat' dir='ltr'>aede</span> <span class='ocrx_word' id='word_1_171' title='bbox 534 1738 741 1775; x_wconf 90' lang='lat' dir='ltr'>Liberiana</span> <span class='ocrx_word' id='word_1_172' title='bbox 760 1738 982 1786; x_wconf 89' lang='lat' dir='ltr'>sepulcrum</span> <span class='ocrx_word' id='word_1_173' title='bbox 995 1736 1105 1774; x_wconf 88' lang='lat' dir='ltr'>s.Pio</span> <span class='ocrx_word' id='word_1_174' title='bbox 1116 1735 1165 1781; x_wconf 89' lang='lat' dir='ltr'>V,</span> 
     </span>
     <span class='ocr_line' id='line_1_32' title="bbox 224 1790 1165 1841; baseline -0.003 -12"><span class='ocrx_word' id='word_1_175' title='bbox 224 1803 247 1829; x_wconf 89' lang='lat' dir='ltr'>a</span> <span class='ocrx_word' id='word_1_176' title='bbox 275 1802 349 1839; x_wconf 88' lang='lat' dir='ltr'>quo</span> <span class='ocrx_word' id='word_1_177' title='bbox 374 1791 414 1827; x_wconf 91' lang='lat' dir='ltr'>in</span> <span class='ocrx_word' id='word_1_178' title='bbox 436 1790 699 1829; x_wconf 88' lang='lat' dir='ltr'>Cardinalium</span> <span class='ocrx_word' id='word_1_179' title='bbox 728 1792 934 1841; x_wconf 83' lang='lat' dir='ltr'>collegium</span> <span class='ocrx_word' id='word_1_180' title='bbox 963 1791 1165 1839; x_wconf 87' lang='lat' dir='ltr'>cooptatus</span> 
     </span>
     <span class='ocr_line' id='line_1_33' title="bbox 222 1843 1166 1894; baseline -0.003 -12"><span class='ocrx_word' id='word_1_181' title='bbox 222 1844 363 1891; x_wconf 85' lang='lat' dir='ltr'>fuerat,</span> <span class='ocrx_word' id='word_1_182' title='bbox 374 1844 562 1891; x_wconf 90' lang='lat' dir='ltr'>beneficii,</span> <span class='ocrx_word' id='word_1_183' title='bbox 580 1856 739 1891; x_wconf 88' lang='lat' dir='ltr'>memor,</span> <span class='ocrx_word' id='word_1_184' title='bbox 756 1856 957 1894; x_wconf 88' lang='lat' dir='ltr'>operosum</span> <span class='ocrx_word' id='word_1_185' title='bbox 976 1856 1021 1881; x_wconf 87' lang='lat' dir='ltr'>ao</span> <span class='ocrx_word' id='word_1_186' title='bbox 1041 1843 1166 1880; x_wconf 88' lang='lat' dir='ltr'>nobile</span> 
     </span>
     <span class='ocr_line' id='line_1_34' title="bbox 225 1896 1166 1947; baseline -0.003 -11"><span class='ocrx_word' id='word_1_187' title='bbox 225 1898 430 1942; x_wconf 76' lang='lat' dir='ltr'>exstruxit,</span> <span class='ocrx_word' id='word_1_188' title='bbox 447 1910 662 1947; x_wconf 87' lang='lat' dir='ltr'>corpusque</span> <span class='ocrx_word' id='word_1_189' title='bbox 678 1899 760 1936; x_wconf 89' lang='lat' dir='ltr'>eius</span> <span class='ocrx_word' id='word_1_190' title='bbox 777 1911 823 1936; x_wconf 86' lang='lat' dir='ltr'>ex</span> <span class='ocrx_word' id='word_1_191' title='bbox 841 1898 1001 1947; x_wconf 88' lang='lat' dir='ltr'>Templo</span> <span class='ocrx_word' id='word_1_192' title='bbox 1016 1909 1045 1935; x_wconf 91' lang='lat' dir='ltr'>s.</span> <span class='ocrx_word' id='word_1_193' title='bbox 1059 1896 1166 1934; x_wconf 85' lang='lat' dir='ltr'>Petri</span> 
     </span>
     <span class='ocr_line' id='line_1_35' title="bbox 225 1951 1167 2001; baseline -0.001 -13"><span class='ocrx_word' id='word_1_194' title='bbox 225 1951 361 1989; x_wconf 88' lang='lat' dir='ltr'>intulit</span> <span class='ocrx_word' id='word_1_195' title='bbox 388 1963 529 2001; x_wconf 86' lang='lat' dir='ltr'>magna</span> <span class='ocrx_word' id='word_1_196' title='bbox 560 1964 710 2001; x_wconf 88' lang='lat' dir='ltr'>pompa.</span> <span class='ocrx_word' id='word_1_197' title='bbox 733 1952 931 1990; x_wconf 87' lang='lat' dir='ltr'>Palatium</span> <span class='ocrx_word' id='word_1_198' title='bbox 954 1951 1167 1995; x_wconf 88' lang='lat' dir='ltr'>Quirinale,</span> 
     </span>
     <span class='ocr_line' id='line_1_36' title="bbox 225 2005 1168 2055; baseline -0.001 -14"><span class='ocrx_word' id='word_1_199' title='bbox 225 2017 300 2055; x_wconf 94' lang='lat' dir='ltr'>quo</span> <span class='ocrx_word' id='word_1_200' title='bbox 321 2005 527 2042; x_wconf 83' lang='lat' dir='ltr'>Pontifices</span> <span class='ocrx_word' id='word_1_201' title='bbox 546 2018 618 2054; x_wconf 90' lang='lat' dir='ltr'>per</span> <span class='ocrx_word' id='word_1_202' title='bbox 638 2006 776 2044; x_wconf 88' lang='lat' dir='ltr'>nimios</span> <span class='ocrx_word' id='word_1_203' title='bbox 798 2012 929 2044; x_wconf 84' lang='lat' dir='ltr'>aestus</span> <span class='ocrx_word' id='word_1_204' title='bbox 959 2005 1168 2042; x_wconf 86' lang='lat' dir='ltr'>succedere</span> 
     </span>
     <span class='ocr_line' id='line_1_37' title="bbox 225 2058 1166 2108; baseline -0.001 -13"><span class='ocrx_word' id='word_1_205' title='bbox 225 2062 521 2105; x_wconf 84' lang='lat' dir='ltr'>consueverunt,</span> <span class='ocrx_word' id='word_1_206' title='bbox 541 2059 754 2108; x_wconf 88' lang='lat' dir='ltr'>ampliavit.</span> <span class='ocrx_word' id='word_1_207' title='bbox 773 2060 843 2097; x_wconf 92' lang='lat' dir='ltr'>His</span> <span class='ocrx_word' id='word_1_208' title='bbox 863 2071 956 2096; x_wconf 90' lang='lat' dir='ltr'>vero</span> <span class='ocrx_word' id='word_1_209' title='bbox 974 2058 1061 2096; x_wconf 87' lang='lat' dir='ltr'>aliis</span> <span class='ocrx_word' id='word_1_210' title='bbox 1078 2069 1166 2106; x_wconf 87' lang='lat' dir='ltr'>ope-</span> 
     </span>
     <span class='ocr_line' id='line_1_38' title="bbox 226 2112 1167 2161; baseline -0.002 -11"><span class='ocrx_word' id='word_1_211' title='bbox 226 2112 332 2151; x_wconf 89' lang='lat' dir='ltr'>ribus</span> <span class='ocrx_word' id='word_1_212' title='bbox 351 2112 447 2149; x_wconf 85' lang='lat' dir='ltr'>adeo</span> <span class='ocrx_word' id='word_1_213' title='bbox 467 2112 701 2161; x_wconf 79' lang='lat' dir='ltr'>sumptuosis</span> <span class='ocrx_word' id='word_1_214' title='bbox 721 2116 872 2150; x_wconf 87' lang='lat' dir='ltr'>tantum</span> <span class='ocrx_word' id='word_1_215' title='bbox 894 2113 1018 2158; x_wconf 88' lang='lat' dir='ltr'>abest,</span> <span class='ocrx_word' id='word_1_216' title='bbox 1037 2113 1080 2148; x_wconf 90' lang='lat' dir='ltr'>ut</span> <span class='ocrx_word' id='word_1_217' title='bbox 1100 2123 1167 2148; x_wconf 89' lang='lat' dir='ltr'>ae-</span> 
     </span>
     <span class='ocr_line' id='line_1_39' title="bbox 227 2165 1167 2215; baseline -0.003 -11"><span class='ocrx_word' id='word_1_218' title='bbox 227 2165 376 2204; x_wconf 85' lang='lat' dir='ltr'>rarium</span> <span class='ocrx_word' id='word_1_219' title='bbox 422 2166 599 2203; x_wconf 85' lang='lat' dir='ltr'>hauserit</span> <span class='ocrx_word' id='word_1_220' title='bbox 635 2167 895 2215; x_wconf 86' lang='lat' dir='ltr'>Apostolicum</span> <span class='ocrx_word' id='word_1_221' title='bbox 914 2196 923 2213; x_wconf 96' lang='lat'>,</span> <span class='ocrx_word' id='word_1_222' title='bbox 962 2170 1005 2202; x_wconf 91' lang='lat' dir='ltr'>ut</span> <span class='ocrx_word' id='word_1_223' title='bbox 1051 2165 1167 2202; x_wconf 87' lang='lat' dir='ltr'>etiam</span> 
     </span>
     <span class='ocr_line' id='line_1_40' title="bbox 228 2218 1169 2268; baseline -0.002 -11"><span class='ocrx_word' id='word_1_224' title='bbox 228 2218 437 2265; x_wconf 75' lang='lat'>5‚000‚000</span> <span class='ocrx_word' id='word_1_225' title='bbox 470 2231 670 2256; x_wconf 88' lang='lat' dir='ltr'>nummum</span> <span class='ocrx_word' id='word_1_226' title='bbox 703 2231 913 2258; x_wconf 88' lang='lat' dir='ltr'>aureorum</span> <span class='ocrx_word' id='word_1_227' title='bbox 951 2219 1169 2268; x_wconf 84' lang='lat' dir='ltr'>reposuerit</span> 
     </span>
     <span class='ocr_line' id='line_1_41' title="bbox 227 2268 1169 2321; baseline -0.001 -12"><span class='ocrx_word' id='word_1_228' title='bbox 227 2273 265 2310; x_wconf 93' lang='lat' dir='ltr'>in</span> <span class='ocrx_word' id='word_1_229' title='bbox 295 2284 385 2310; x_wconf 89' lang='lat' dir='ltr'>arce</span> <span class='ocrx_word' id='word_1_230' title='bbox 408 2268 873 2321; x_wconf 55' lang='lat' dir='ltr'>Hadriana,‘pracsidium</span> <span class='ocrx_word' id='word_1_231' title='bbox 904 2275 946 2310; x_wconf 87' lang='lat' dir='ltr'>ut</span> <span class='ocrx_word' id='word_1_232' title='bbox 975 2276 1102 2310; x_wconf 86' lang='lat' dir='ltr'>essent</span> <span class='ocrx_word' id='word_1_233' title='bbox 1131 2272 1169 2309; x_wconf 92' lang='lat' dir='ltr'>in</span> 
     </span>
     <span class='ocr_line' id='line_1_42' title="bbox 229 2325 1170 2374; baseline -0.002 -10"><span class='ocrx_word' id='word_1_234' title='bbox 229 2337 311 2364; x_wconf 85' lang='lat' dir='ltr'>sum</span> <span class='ocrx_word' id='word_1_235' title='bbox 320 2326 389 2362; x_wconf 84' lang='lat' dir='ltr'>mis</span> <span class='ocrx_word' id='word_1_236' title='bbox 410 2326 589 2374; x_wconf 88' lang='lat' dir='ltr'>periculis</span> <span class='ocrx_word' id='word_1_237' title='bbox 609 2327 796 2364; x_wconf 80' lang='lat' dir='ltr'>adversus</span> <span class='ocrx_word' id='word_1_238' title='bbox 811 2326 1053 2364; x_wconf 86' lang='lat' dir='ltr'>Christianae</span> <span class='ocrx_word' id='word_1_239' title='bbox 1076 2325 1170 2362; x_wconf 87' lang='lat' dir='ltr'>rcli-</span> 
     </span>
     <span class='ocr_line' id='line_1_43' title="bbox 232 2379 1171 2429; baseline -0.001 -13"><span class='ocrx_word' id='word_1_240' title='bbox 232 2379 357 2429; x_wconf 84' lang='lat' dir='ltr'>gionis</span> <span class='ocrx_word' id='word_1_241' title='bbox 374 2379 536 2417; x_wconf 75' lang='lat' dir='ltr'>hostes5.</span> <span class='ocrx_word' id='word_1_242' title='bbox 555 2379 636 2416; x_wconf 92' lang='lat' dir='ltr'>Hoc</span> <span class='ocrx_word' id='word_1_243' title='bbox 658 2380 846 2417; x_wconf 82' lang='lat' dir='ltr'>Pontifice</span> <span class='ocrx_word' id='word_1_244' title='bbox 867 2380 972 2417; x_wconf 86' lang='lat' dir='ltr'>nulla</span> <span class='ocrx_word' id='word_1_245' title='bbox 994 2380 1030 2416; x_wconf 91' lang='lat' dir='ltr'>in</span> <span class='ocrx_word' id='word_1_246' title='bbox 1053 2379 1171 2423; x_wconf 85' lang='lat' dir='ltr'>Urbe,</span> 
     </span>
     <span class='ocr_line' id='line_1_44' title="bbox 231 2432 1172 2478; baseline -0.002 -7"><span class='ocrx_word' id='word_1_247' title='bbox 231 2433 339 2471; x_wconf 87' lang='lat' dir='ltr'>nulla</span> <span class='ocrx_word' id='word_1_248' title='bbox 358 2435 472 2470; x_wconf 82' lang='lat' dir='ltr'>extra</span> <span class='ocrx_word' id='word_1_249' title='bbox 491 2432 638 2470; x_wconf 87' lang='lat' dir='ltr'>Urbem</span> <span class='ocrx_word' id='word_1_250' title='bbox 667 2433 872 2471; x_wconf 85' lang='lat' dir='ltr'>latrocinia</span> <span class='ocrx_word' id='word_1_251' title='bbox 902 2434 1023 2478; x_wconf 84' lang='lat' dir='ltr'>fuere,</span> <span class='ocrx_word' id='word_1_252' title='bbox 1043 2432 1172 2470; x_wconf 86' lang='lat' dir='ltr'>nullae</span> 
     </span>
     <span class='ocr_line' id='line_1_45' title="bbox 232 2486 1173 2535; baseline -0.002 -11"><span class='ocrx_word' id='word_1_253' title='bbox 232 2487 405 2535; x_wconf 83' lang='lat' dir='ltr'>rapinae,</span> <span class='ocrx_word' id='word_1_254' title='bbox 424 2486 552 2524; x_wconf 89' lang='lat' dir='ltr'>nullae</span> <span class='ocrx_word' id='word_1_255' title='bbox 572 2487 721 2532; x_wconf 83' lang='lat' dir='ltr'>caedes,</span> <span class='ocrx_word' id='word_1_256' title='bbox 743 2487 871 2524; x_wconf 88' lang='lat' dir='ltr'>nullae</span> <span class='ocrx_word' id='word_1_257' title='bbox 892 2487 1064 2531; x_wconf 85' lang='lat' dir='ltr'>insidiae,</span> <span class='ocrx_word' id='word_1_258' title='bbox 1085 2489 1173 2523; x_wconf 86' lang='lat' dir='ltr'>tuta</span> 
     </span>
     <span class='ocr_line' id='line_1_46' title="bbox 233 2539 1174 2589; baseline -0.001 -12"><span class='ocrx_word' id='word_1_259' title='bbox 233 2541 384 2588; x_wconf 85' lang='lat' dir='ltr'>omnia3</span> <span class='ocrx_word' id='word_1_260' title='bbox 412 2542 572 2588; x_wconf 88' lang='lat' dir='ltr'>eratque</span> <span class='ocrx_word' id='word_1_261' title='bbox 592 2540 658 2578; x_wconf 87' lang='lat' dir='ltr'>illa</span> <span class='ocrx_word' id='word_1_262' title='bbox 679 2541 819 2579; x_wconf 84' lang='lat' dir='ltr'>rixosis</span> <span class='ocrx_word' id='word_1_263' title='bbox 839 2542 879 2577; x_wconf 90' lang='lat' dir='ltr'>et</span> <span class='ocrx_word' id='word_1_264' title='bbox 898 2539 1083 2589; x_wconf 87' lang='lat' dir='ltr'>improbis</span> <span class='ocrx_word' id='word_1_265' title='bbox 1103 2540 1174 2576; x_wconf 83' lang='lat' dir='ltr'>lio-</span> 
     </span>
    </p>
   </div>
   <div class='ocr_carea' id='block_1_3' title="bbox 235 2622 274 2629">
    <p class='ocr_par' dir='ltr' id='par_1_3' title="bbox 235 2622 274 2629">
     <span class='ocr_line' id='line_1_47' title="bbox 235 2622 274 2629; baseline -0.026 0"><span class='ocrx_word' id='word_1_266' title='bbox 235 2622 274 2629; x_wconf 74' lang='lat'>..—</span> 
     </span>
    </p>
   </div>
   <div class='ocr_carea' id='block_1_4' title="bbox 277 2621 442 2627">
    <p class='ocr_par' dir='ltr' id='par_1_4' title="bbox 277 2621 442 2627">
     <span class='ocr_line' id='line_1_48' title="bbox 277 2621 442 2627; baseline 0 0"><span class='ocrx_word' id='word_1_267' title='bbox 277 2621 442 2627; x_wconf 95' lang='lat' dir='ltr'> </span> 
     </span>
    </p>
   </div>
   <div class='ocr_carea' id='block_1_5' title="bbox 238 2653 1174 2822">
    <p class='ocr_par' dir='ltr' id='par_1_5' title="bbox 238 2653 1174 2822">
     <span class='ocr_line' id='line_1_49' title="bbox 239 2653 1174 2706; baseline -0.003 -18"><span class='ocrx_word' id='word_1_268' title='bbox 239 2699 244 2706; x_wconf 40' lang='grc' dir='ltr'>Ι</span> <span class='ocrx_word' id='word_1_269' title='bbox 276 2657 285 2678; x_wconf 78' lang='lat'><strong>¹</strong></span> <span class='ocrx_word' id='word_1_270' title='bbox 305 2655 428 2689; x_wconf 86' lang='lat' dir='ltr'>Bullar.</span> <span class='ocrx_word' id='word_1_271' title='bbox 445 2658 464 2686; x_wconf 93' lang='lat' dir='ltr'>t.</span> <span class='ocrx_word' id='word_1_272' title='bbox 480 2654 520 2694; x_wconf 90' lang='lat'>11,</span> <span class='ocrx_word' id='word_1_273' title='bbox 536 2654 696 2686; x_wconf 76' lang='lat' dir='ltr'>constitut.</span> <span class='ocrx_word' id='word_1_274' title='bbox 716 2653 764 2693; x_wconf 85' lang='lat'>50,</span> <span class='ocrx_word' id='word_1_275' title='bbox 780 2658 795 2685; x_wconf 68' lang='grc' dir='ltr'><strong>ἓ</strong></span> <span class='ocrx_word' id='word_1_276' title='bbox 811 2656 838 2686; x_wconf 81' lang='grc'>9.</span> <span class='ocrx_word' id='word_1_277' title='bbox 852 2654 918 2687; x_wconf 88' lang='lat' dir='ltr'>Vid.</span> <span class='ocrx_word' id='word_1_278' title='bbox 933 2664 1054 2696; x_wconf 58' lang='lat' dir='ltr'>(qnoque</span> <span class='ocrx_word' id='word_1_279' title='bbox 1070 2665 1098 2695; x_wconf 83' lang='lat' dir='ltr'>p.</span> <span class='ocrx_word' id='word_1_280' title='bbox 1115 2654 1174 2686; x_wconf 81' lang='lat'>135</span> 
     </span>
     <span class='ocr_line' id='line_1_50' title="bbox 238 2703 1174 2822; baseline 0 -53"><span class='ocrx_word' id='word_1_281' title='bbox 238 2703 460 2822; x_wconf 22' lang='lat' dir='ltr'>:ffilngiiixilndan</span> <span class='ocrx_word' id='word_1_282' title='bbox 478 2738 516 2770; x_wconf 82' lang='lat' dir='ltr'>ad</span> <span class='ocrx_word' id='word_1_283' title='bbox 534 2748 582 2769; x_wconf 87' lang='lat' dir='ltr'>an.</span> <span class='ocrx_word' id='word_1_284' title='bbox 602 2737 751 2777; x_wconf 79' lang='lat'>1585-00;</span> <span class='ocrx_word' id='word_1_285' title='bbox 769 2738 890 2769; x_wconf 83' lang='lat' dir='ltr'>Ciacon.</span> <span class='ocrx_word' id='word_1_286' title='bbox 916 2737 1000 2770; x_wconf 76' lang='lat' dir='ltr'>i&#39;t&#39;lac</span> <span class='ocrx_word' id='word_1_287' title='bbox 1017 2737 1076 2770; x_wconf 73' lang='grc' dir='ltr'>ΠΒ.</span> <span class='ocrx_word' id='word_1_288' title='bbox 1095 2737 1174 2770; x_wconf 79' lang='lat' dir='ltr'>Pon-</span> 
     </span>
     <span class='ocr_line' id='line_1_51' title="bbox 252 2787 320 2813; baseline 0 0"><span class='ocrx_word' id='word_1_289' title='bbox 252 2793 259 2813; x_wconf 82' lang='grc' dir='ltr'><strong><em>ι</em></strong></span> <span class='ocrx_word' id='word_1_290' title='bbox 278 2807 282 2812; x_wconf 87' lang='grc'><strong>.</strong></span> <span class='ocrx_word' id='word_1_291' title='bbox 301 2787 320 2813; x_wconf 87' lang='lat' dir='ltr'>t.</span> 
     </span>
    </p>
   </div>
   <div class='ocr_carea' id='block_1_6' title="bbox 277 2821 1174 2862">
    <p class='ocr_par' dir='ltr' id='par_1_6' title="bbox 277 2821 1174 2862">
     <span class='ocr_line' id='line_1_52' title="bbox 277 2821 1174 2862; baseline -0.001 -8"><span class='ocrx_word' id='word_1_292' title='bbox 277 2824 291 2846; x_wconf 79' lang='lat'>3</span> <span class='ocrx_word' id='word_1_293' title='bbox 308 2822 426 2854; x_wconf 69' lang='lat' dir='ltr'>Laui-cti</span> <span class='ocrx_word' id='word_1_294' title='bbox 449 2821 608 2861; x_wconf 85' lang='lat' dir='ltr'>Templum</span> <span class='ocrx_word' id='word_1_295' title='bbox 632 2822 662 2852; x_wconf 84' lang='lat' dir='ltr'>B.</span> <span class='ocrx_word' id='word_1_296' title='bbox 681 2823 716 2852; x_wconf 87' lang='grc' dir='ltr'>Μ.</span> <span class='ocrx_word' id='word_1_297' title='bbox 734 2822 848 2859; x_wconf 70' lang='lat' dir='ltr'>Virgini</span> <span class='ocrx_word' id='word_1_298' title='bbox 865 2821 1014 2859; x_wconf 72' lang='lat' dir='ltr'>religione</span> <span class='ocrx_word' id='word_1_299' title='bbox 1032 2822 1174 2862; x_wconf 78' lang='lat' dir='ltr'>frequens</span> 
     </span>
    </p>
   </div>
   <div class='ocr_carea' id='block_1_7' title="bbox 236 2863 1235 2905">
    <p class='ocr_par' dir='ltr' id='par_1_7' title="bbox 236 2863 1235 2905">
     <span class='ocr_line' id='line_1_53' title="bbox 236 2863 1235 2905; baseline -0.002 -9"><span class='ocrx_word' id='word_1_300' title='bbox 236 2864 520 2905; x_wconf 71' lang='lat' dir='ltr'>splendidissimum</span> <span class='ocrx_word' id='word_1_301' title='bbox 534 2865 640 2901; x_wconf 74' lang='lat' dir='ltr'>crexit,</span> <span class='ocrx_word' id='word_1_302' title='bbox 655 2864 808 2902; x_wconf 68' lang='lat' dir='ltr'>multis-qni</span> <span class='ocrx_word' id='word_1_303' title='bbox 827 2863 952 2893; x_wconf 76' lang='lat' dir='ltr'>donaris</span> <span class='ocrx_word' id='word_1_304' title='bbox 966 2867 994 2894; x_wconf 76' lang='lat' dir='ltr'>et</span> <span class='ocrx_word' id='word_1_305' title='bbox 1007 2873 1174 2895; x_wconf 81' lang='lat' dir='ltr'>ornaincu-</span> <span class='ocrx_word' id='word_1_306' title='bbox 1228 2887 1235 2889; x_wconf 51' lang='lat'>&gt;</span> 
     </span>
    </p>
   </div>
   <div class='ocr_carea' id='block_1_8' title="bbox 238 2904 1177 3234">
    <p class='ocr_par' dir='ltr' id='par_1_8' title="bbox 238 2904 961 2941">
     <span class='ocr_line' id='line_1_54' title="bbox 238 2904 961 2941; baseline -0.004 -3"><span class='ocrx_word' id='word_1_307' title='bbox 238 2909 275 2938; x_wconf 85' lang='lat' dir='ltr'>tis</span> <span class='ocrx_word' id='word_1_308' title='bbox 292 2907 459 2937; x_wconf 68' lang='lat' dir='ltr'>decoravit.</span> <span class='ocrx_word' id='word_1_309' title='bbox 479 2905 539 2934; x_wconf 69' lang='lat' dir='ltr'>Vid.</span> <span class='ocrx_word' id='word_1_310' title='bbox 558 2906 659 2936; x_wconf 74' lang='lat' dir='ltr'>Consi.</span> <span class='ocrx_word' id='word_1_311' title='bbox 675 2905 725 2941; x_wconf 65' lang='lat'>⁹21,</span> <span class='ocrx_word' id='word_1_312' title='bbox 743 2909 760 2935; x_wconf 86' lang='lat' dir='ltr'>t.</span> <span class='ocrx_word' id='word_1_313' title='bbox 777 2904 796 2935; x_wconf 75' lang='lat'>:3</span> <span class='ocrx_word' id='word_1_314' title='bbox 814 2904 961 2935; x_wconf 74' lang='grc' dir='ltr'>ΙΙιιΙΙαι-ίὶ.</span> 
     </span>
    </p>

    <p class='ocr_par' dir='ltr' id='par_1_9' title="bbox 238 2947 1177 3234">
     <span class='ocr_line' id='line_1_55' title="bbox 278 2947 1173 2985; baseline -0.002 -6"><span class='ocrx_word' id='word_1_315' title='bbox 278 2948 290 2970; x_wconf 86' lang='lat'><strong>⁴</strong></span> <span class='ocrx_word' id='word_1_316' title='bbox 308 2949 439 2980; x_wconf 83' lang='lat' dir='ltr'>Traiana</span> <span class='ocrx_word' id='word_1_317' title='bbox 463 2950 492 2976; x_wconf 84' lang='lat' dir='ltr'>ct</span> <span class='ocrx_word' id='word_1_318' title='bbox 508 2948 659 2977; x_wconf 70' lang='lat' dir='ltr'>Antonina</span> <span class='ocrx_word' id='word_1_319' title='bbox 683 2947 785 2985; x_wconf 76' lang='lat' dir='ltr'>oprris</span> <span class='ocrx_word' id='word_1_320' title='bbox 809 2947 992 2977; x_wconf 76' lang='lat' dir='ltr'>adinirzuuli.</span> <span class='ocrx_word' id='word_1_321' title='bbox 1010 2947 1127 2977; x_wconf 67' lang='lat' dir='ltr'>Primae.</span> <span class='ocrx_word' id='word_1_322' title='bbox 1144 2947 1173 2977; x_wconf 77' lang='grc' dir='ltr'>Γ».</span> 
     </span>
     <span class='ocr_line' id='line_1_56' title="bbox 238 2988 1177 3027; baseline -0.005 -5"><span class='ocrx_word' id='word_1_323' title='bbox 238 2992 329 3027; x_wconf 81' lang='lat' dir='ltr'>Petri,</span> <span class='ocrx_word' id='word_1_324' title='bbox 346 2988 501 3020; x_wconf 78' lang='lat' dir='ltr'>secundae</span> <span class='ocrx_word' id='word_1_325' title='bbox 518 2989 549 3019; x_wconf 80' lang='lat' dir='ltr'>B.</span> <span class='ocrx_word' id='word_1_326' title='bbox 568 2988 650 3018; x_wconf 76' lang='lat' dir='ltr'>Pauli</span> <span class='ocrx_word' id='word_1_327' title='bbox 665 2992 782 3018; x_wconf 80' lang='lat' dir='ltr'>statuas</span> <span class='ocrx_word' id='word_1_328' title='bbox 800 2997 908 3018; x_wconf 77' lang='lat' dir='ltr'>arrcas</span> <span class='ocrx_word' id='word_1_329' title='bbox 922 2992 1108 3027; x_wconf 72' lang='lat' dir='ltr'>auratasque</span> <span class='ocrx_word' id='word_1_330' title='bbox 1126 2989 1177 3018; x_wconf 87' lang='lat' dir='ltr'>im-</span> 
     </span>
     <span class='ocr_line' id='line_1_57' title="bbox 238 3030 1176 3073; baseline -0.002 -10"><span class='ocrx_word' id='word_1_331' title='bbox 238 3034 351 3073; x_wconf 78' lang='lat' dir='ltr'>posuit.</span> <span class='ocrx_word' id='word_1_332' title='bbox 368 3032 449 3061; x_wconf 75' lang='lat' dir='ltr'>Duos</span> <span class='ocrx_word' id='word_1_333' title='bbox 470 3039 565 3069; x_wconf 79' lang='lat' dir='ltr'>equos</span> <span class='ocrx_word' id='word_1_334' title='bbox 581 3030 720 3067; x_wconf 65' lang='lat' dir='ltr'>insignes</span> <span class='ocrx_word' id='word_1_335' title='bbox 737 3039 751 3059; x_wconf 79' lang='lat' dir='ltr'>e</span> <span class='ocrx_word' id='word_1_336' title='bbox 770 3031 857 3059; x_wconf 80' lang='lat' dir='ltr'>Pario</span> <span class='ocrx_word' id='word_1_337' title='bbox 874 3039 1036 3065; x_wconf 76' lang='lat' dir='ltr'>marmore,</span> <span class='ocrx_word' id='word_1_338' title='bbox 1053 3031 1106 3059; x_wconf 75' lang='lat' dir='ltr'>scd</span> <span class='ocrx_word' id='word_1_339' title='bbox 1125 3031 1176 3061; x_wconf 90' lang='lat' dir='ltr'>in—</span> 
     </span>
     <span class='ocr_line' id='line_1_58' title="bbox 239 3071 1175 3112; baseline -0.004 -6"><span class='ocrx_word' id='word_1_340' title='bbox 239 3075 314 3106; x_wconf 84' lang='lat' dir='ltr'>iuria</span> <span class='ocrx_word' id='word_1_341' title='bbox 332 3077 502 3112; x_wconf 83' lang='lat' dir='ltr'>temporum</span> <span class='ocrx_word' id='word_1_342' title='bbox 526 3081 560 3102; x_wconf 80' lang='lat' dir='ltr'>ac</span> <span class='ocrx_word' id='word_1_343' title='bbox 587 3073 663 3101; x_wconf 78' lang='lat' dir='ltr'>canii</span> <span class='ocrx_word' id='word_1_344' title='bbox 689 3071 852 3101; x_wconf 79' lang='lat' dir='ltr'>admodum</span> <span class='ocrx_word' id='word_1_345' title='bbox 870 3073 1022 3101; x_wconf 74' lang='lat' dir='ltr'>mutilatus</span> <span class='ocrx_word' id='word_1_346' title='bbox 1037 3097 1043 3108; x_wconf 73' lang='lat'>,</span> <span class='ocrx_word' id='word_1_347' title='bbox 1058 3071 1108 3111; x_wconf 79' lang='lat' dir='ltr'>qui</span> <span class='ocrx_word' id='word_1_348' title='bbox 1128 3073 1175 3102; x_wconf 86' lang='lat' dir='ltr'>iu-</span> 
     </span>
     <span class='ocr_line' id='line_1_59' title="bbox 239 3113 1175 3154; baseline -0.003 -8"><span class='ocrx_word' id='word_1_349' title='bbox 239 3116 416 3154; x_wconf 76' lang='lat' dir='ltr'>scriptiouis</span> <span class='ocrx_word' id='word_1_350' title='bbox 435 3113 558 3146; x_wconf 78' lang='lat' dir='ltr'>l’liidiac</span> <span class='ocrx_word' id='word_1_351' title='bbox 575 3117 603 3143; x_wconf 84' lang='lat' dir='ltr'>ct</span> <span class='ocrx_word' id='word_1_352' title='bbox 625 3113 782 3143; x_wconf 60' lang='lat' dir='ltr'>Praxitelis</span> <span class='ocrx_word' id='word_1_353' title='bbox 799 3113 923 3142; x_wconf 79' lang='lat' dir='ltr'>nomina</span> <span class='ocrx_word' id='word_1_354' title='bbox 943 3114 1128 3152; x_wconf 59' lang='lat' dir='ltr'>praeferunt,</span> <span class='ocrx_word' id='word_1_355' title='bbox 1148 3115 1175 3143; x_wconf 91' lang='lat' dir='ltr'>iu</span> 
     </span>
     <span class='ocr_line' id='line_1_60' title="bbox 240 3155 1177 3194; baseline -0.003 -5"><span class='ocrx_word' id='word_1_356' title='bbox 240 3163 342 3189; x_wconf 82' lang='lat' dir='ltr'>moine</span> <span class='ocrx_word' id='word_1_357' title='bbox 358 3156 507 3194; x_wconf 78' lang='lat' dir='ltr'>Quirinali</span> <span class='ocrx_word' id='word_1_358' title='bbox 524 3156 658 3185; x_wconf 68' lang='lat' dir='ltr'>pontiu-x</span> <span class='ocrx_word' id='word_1_359' title='bbox 681 3164 751 3184; x_wconf 81' lang='lat' dir='ltr'>rara</span> <span class='ocrx_word' id='word_1_360' title='bbox 775 3155 927 3185; x_wconf 83' lang='lat' dir='ltr'>artiticum</span> <span class='ocrx_word' id='word_1_361' title='bbox 952 3155 1102 3186; x_wconf 79' lang='lat' dir='ltr'>industria</span> <span class='ocrx_word' id='word_1_362' title='bbox 1126 3165 1177 3186; x_wconf 81' lang='lat' dir='ltr'>re—</span> 
     </span>
     <span class='ocr_line' id='line_1_61' title="bbox 242 3195 993 3234; baseline -0.007 -2"><span class='ocrx_word' id='word_1_363' title='bbox 242 3201 289 3232; x_wconf 80' lang='lat' dir='ltr'>tici</span> <span class='ocrx_word' id='word_1_364' title='bbox 312 3199 408 3231; x_wconf 76' lang='lat' dir='ltr'>iussit.</span> <span class='ocrx_word' id='word_1_365' title='bbox 424 3217 460 3221; x_wconf 86' lang='lat'>——</span> <span class='ocrx_word' id='word_1_366' title='bbox 475 3199 488 3221; x_wconf 79' lang='lat'>⁵</span> <span class='ocrx_word' id='word_1_367' title='bbox 503 3198 578 3228; x_wconf 64' lang='lat' dir='ltr'>sixti</span> <span class='ocrx_word' id='word_1_368' title='bbox 598 3198 616 3226; x_wconf 90' lang='lat' dir='ltr'>V</span> <span class='ocrx_word' id='word_1_369' title='bbox 636 3197 792 3227; x_wconf 68' lang='lat' dir='ltr'>constitut.</span> <span class='ocrx_word' id='word_1_370' title='bbox 812 3195 860 3234; x_wconf 81' lang='lat'>31,</span> <span class='ocrx_word' id='word_1_371' title='bbox 880 3198 928 3234; x_wconf 67' lang='lat' dir='ltr'>fio,</span> <span class='ocrx_word' id='word_1_372' title='bbox 945 3198 993 3227; x_wconf 70' lang='lat'>81).</span> 
     </span>
    </p>
   </div>
   <div class='ocr_carea' id='block_1_9' title="bbox 811 122 1508 151">
    <p class='ocr_par' dir='ltr' id='par_1_10' title="bbox 811 122 1508 151">
     <span class='ocr_line' id='line_1_62' title="bbox 811 122 1508 151; baseline 0 0"><span class='ocrx_word' id='word_1_373' title='bbox 811 124 970 151; x_wconf 80' lang='lat' dir='ltr'>EPOCHA</span> <span class='ocrx_word' id='word_1_374' title='bbox 998 123 1054 151; x_wconf 84' lang='lat' dir='ltr'>XI.</span> <span class='ocrx_word' id='word_1_375' title='bbox 1085 123 1139 149; x_wconf 78' lang='lat' dir='ltr'>AB</span> <span class='ocrx_word' id='word_1_376' title='bbox 1166 122 1300 150; x_wconf 82' lang='lat' dir='ltr'>INITIIS</span> <span class='ocrx_word' id='word_1_377' title='bbox 1327 123 1508 151; x_wconf 78' lang='lat' dir='ltr'>LVTHERI</span> 
     </span>
    </p>
   </div>
   <div class='ocr_carea' id='block_1_10' title="bbox 1186 189 2168 2864">
    <p class='ocr_par' dir='ltr' id='par_1_11' title="bbox 1186 189 2138 665">
     <span class='ocr_line' id='line_1_63' title="bbox 1188 189 2135 240; baseline 0.006 -15"><span class='ocrx_word' id='word_1_378' title='bbox 1188 189 1355 226; x_wconf 88' lang='lat' dir='ltr'>minibus</span> <span class='ocrx_word' id='word_1_379' title='bbox 1375 189 1590 227; x_wconf 87' lang='lat' dir='ltr'>communis</span> <span class='ocrx_word' id='word_1_380' title='bbox 1610 201 1699 227; x_wconf 85' lang='lat' dir='ltr'>vox:</span> <span class='ocrx_word' id='word_1_381' title='bbox 1718 191 2135 240; x_wconf 77' lang='lat' dir='ltr'>Memento‚nytum</span> 
     </span>
     <span class='ocr_line' id='line_1_64' title="bbox 1186 241 2134 289; baseline 0.006 -12"><span class='ocrx_word' id='word_1_382' title='bbox 1186 241 1321 278; x_wconf 80' lang='lat' dir='ltr'>adhuc</span> <span class='ocrx_word' id='word_1_383' title='bbox 1340 244 1474 281; x_wconf 73' lang='lat' dir='ltr'>vivere</span> <span class='ocrx_word' id='word_1_384' title='bbox 1491 242 1515 280; x_wconf 93' lang='lat'>¹.</span> <span class='ocrx_word' id='word_1_385' title='bbox 1537 242 1721 280; x_wconf 84' lang='lat' dir='ltr'>Pontifici</span> <span class='ocrx_word' id='word_1_386' title='bbox 1741 247 1851 283; x_wconf 86' lang='lat' dir='ltr'>tauto</span> <span class='ocrx_word' id='word_1_387' title='bbox 1866 257 2032 284; x_wconf 82' lang='lat' dir='ltr'>aeneam</span> <span class='ocrx_word' id='word_1_388' title='bbox 2051 248 2134 289; x_wconf 48' lang='lat' dir='ltr'>sta,-</span> 
     </span>
     <span class='ocr_line' id='line_1_65' title="bbox 1187 295 2137 346; baseline 0.004 -15"><span class='ocrx_word' id='word_1_389' title='bbox 1187 297 1294 331; x_wconf 87' lang='lat' dir='ltr'>tuam</span> <span class='ocrx_word' id='word_1_390' title='bbox 1314 295 1352 332; x_wconf 91' lang='lat' dir='ltr'>in</span> <span class='ocrx_word' id='word_1_391' title='bbox 1369 295 1558 344; x_wconf 90' lang='lat' dir='ltr'>Capitolio</span> <span class='ocrx_word' id='word_1_392' title='bbox 1579 307 1742 344; x_wconf 87' lang='lat' dir='ltr'>posuere</span> <span class='ocrx_word' id='word_1_393' title='bbox 1759 298 2137 346; x_wconf 80' lang='lat' dir='ltr'>Romani‚fixerunt-</span> 
     </span>
     <span class='ocr_line' id='line_1_66' title="bbox 1188 348 2135 396; baseline 0.005 -11"><span class='ocrx_word' id='word_1_394' title='bbox 1188 360 1262 396; x_wconf 89' lang='lat' dir='ltr'>que</span> <span class='ocrx_word' id='word_1_395' title='bbox 1284 349 1353 386; x_wconf 94' lang='lat' dir='ltr'>sub</span> <span class='ocrx_word' id='word_1_396' title='bbox 1384 361 1429 385; x_wconf 87' lang='lat' dir='ltr'>ea</span> <span class='ocrx_word' id='word_1_397' title='bbox 1459 348 1648 393; x_wconf 88' lang='lat' dir='ltr'>tabulam,</span> <span class='ocrx_word' id='word_1_398' title='bbox 1679 355 1928 390; x_wconf 89' lang='lat' dir='ltr'>monumento</span> <span class='ocrx_word' id='word_1_399' title='bbox 1962 357 2005 390; x_wconf 88' lang='lat' dir='ltr'>ut</span> <span class='ocrx_word' id='word_1_400' title='bbox 2032 354 2135 396; x_wconf 71' lang='lat' dir='ltr'>esset</span> 
     </span>
     <span class='ocr_line' id='line_1_67' title="bbox 1188 403 2134 451; baseline 0.003 -13"><span class='ocrx_word' id='word_1_401' title='bbox 1188 413 1320 439; x_wconf 89' lang='lat' dir='ltr'>rerum</span> <span class='ocrx_word' id='word_1_402' title='bbox 1346 405 1558 451; x_wconf 85' lang='lat' dir='ltr'>gestarum.</span> <span class='ocrx_word' id='word_1_403' title='bbox 1597 403 1812 441; x_wconf 86' lang='lat' dir='ltr'>Ecclesiam</span> <span class='ocrx_word' id='word_1_404' title='bbox 1843 404 2134 444; x_wconf 87' lang='lat' dir='ltr'>administravit</span> 
     </span>
     <span class='ocr_line' id='line_1_68' title="bbox 1188 455 2135 501; baseline 0.003 -9"><span class='ocrx_word' id='word_1_405' title='bbox 1188 467 1321 492; x_wconf 74' lang='lat' dir='ltr'>annos</span> <span class='ocrx_word' id='word_1_406' title='bbox 1342 455 1378 500; x_wconf 80' lang='lat'>5,</span> <span class='ocrx_word' id='word_1_407' title='bbox 1397 468 1523 493; x_wconf 77' lang='lat' dir='ltr'>mens.</span> <span class='ocrx_word' id='word_1_408' title='bbox 1543 456 1584 501; x_wconf 83' lang='lat'>4,</span> <span class='ocrx_word' id='word_1_409' title='bbox 1606 458 1645 493; x_wconf 92' lang='lat' dir='ltr'>et</span> <span class='ocrx_word' id='word_1_410' title='bbox 1664 456 1749 494; x_wconf 77' lang='lat' dir='ltr'>dies</span> <span class='ocrx_word' id='word_1_411' title='bbox 1768 458 1804 495; x_wconf 88' lang='lat'>3.</span> <span class='ocrx_word' id='word_1_412' title='bbox 1825 459 2005 497; x_wconf 79' lang='lat' dir='ltr'>Excessit</span> <span class='ocrx_word' id='word_1_413' title='bbox 2032 459 2135 497; x_wconf 90' lang='lat' dir='ltr'>enim</span> 
     </span>
     <span class='ocr_line' id='line_1_69' title="bbox 1189 505 2136 560; baseline 0.006 -15"><span class='ocrx_word' id='word_1_414' title='bbox 1189 520 1249 545; x_wconf 91' lang='lat' dir='ltr'>an.</span> <span class='ocrx_word' id='word_1_415' title='bbox 1269 509 1370 547; x_wconf 80' lang='lat'>1590</span> <span class='ocrx_word' id='word_1_416' title='bbox 1383 539 1392 555; x_wconf 92' lang='lat'>,</span> <span class='ocrx_word' id='word_1_417' title='bbox 1407 511 1468 546; x_wconf 79' lang='lat' dir='ltr'>vi⁰</span> <span class='ocrx_word' id='word_1_418' title='bbox 1484 509 1633 546; x_wconf 88' lang='lat' dir='ltr'>calend.</span> <span class='ocrx_word' id='word_1_419' title='bbox 1654 511 1862 558; x_wconf 87' lang='lat' dir='ltr'>septembr.</span> <span class='ocrx_word' id='word_1_420' title='bbox 1883 515 1971 560; x_wconf 90' lang='lat' dir='ltr'>post</span> <span class='ocrx_word' id='word_1_421' title='bbox 1990 505 2136 551; x_wconf 76' lang='lat' dir='ltr'>atinum</span> 
     </span>
     <span class='ocr_line' id='line_1_70' title="bbox 1191 562 2138 611; baseline 0.006 -13"><span class='ocrx_word' id='word_1_422' title='bbox 1191 562 1298 599; x_wconf 89' lang='lat' dir='ltr'>vitae</span> <span class='ocrx_word' id='word_1_423' title='bbox 1318 562 1391 608; x_wconf 81' lang='lat'>69,</span> <span class='ocrx_word' id='word_1_424' title='bbox 1413 562 1596 600; x_wconf 81' lang='lat' dir='ltr'>Pontifex</span> <span class='ocrx_word' id='word_1_425' title='bbox 1623 563 1924 611; x_wconf 87' lang='lat' dir='ltr'>splendidissimi</span> <span class='ocrx_word' id='word_1_426' title='bbox 1953 568 1994 604; x_wconf 86' lang='lat' dir='ltr'>et</span> <span class='ocrx_word' id='word_1_427' title='bbox 2021 577 2138 604; x_wconf 86' lang='lat' dir='ltr'>seve-</span> 
     </span>
     <span class='ocr_line' id='line_1_71' title="bbox 1193 627 1518 665; baseline 0.003 -13"><span class='ocrx_word' id='word_1_428' title='bbox 1193 627 1331 653; x_wconf 83' lang='lat' dir='ltr'>rissimi</span> <span class='ocrx_word' id='word_1_429' title='bbox 1353 627 1518 665; x_wconf 80' lang='lat' dir='ltr'>imperii.</span> 
     </span>
    </p>

    <p class='ocr_par' dir='ltr' id='par_1_12' title="bbox 1193 669 2162 2491">
     <span class='ocr_line' id='line_1_72' title="bbox 1243 669 2136 710; baseline 0.006 -5"><span class='ocrx_word' id='word_1_430' title='bbox 1243 669 1306 706; x_wconf 85' lang='grc'>60.</span> <span class='ocrx_word' id='word_1_431' title='bbox 1325 669 1469 707; x_wconf 71' lang='lat' dir='ltr'>Status</span> <span class='ocrx_word' id='word_1_432' title='bbox 1484 670 1690 708; x_wconf 73' lang='lat' dir='ltr'>Ecclesiae</span> <span class='ocrx_word' id='word_1_433' title='bbox 1709 670 1890 709; x_wconf 81' lang='lat' dir='ltr'>Graecae</span> <span class='ocrx_word' id='word_1_434' title='bbox 1902 693 1953 699; x_wconf 89' lang='lat'>—</span> <span class='ocrx_word' id='word_1_435' title='bbox 1969 671 2136 710; x_wconf 84' lang='lat' dir='ltr'>Interim</span> 
     </span>
     <span class='ocr_line' id='line_1_73' title="bbox 1193 723 2142 775; baseline 0.004 -16"><span class='ocrx_word' id='word_1_436' title='bbox 1193 734 1243 760; x_wconf 79' lang='lat' dir='ltr'>ex</span> <span class='ocrx_word' id='word_1_437' title='bbox 1264 734 1340 770; x_wconf 91' lang='lat' dir='ltr'>quo</span> <span class='ocrx_word' id='word_1_438' title='bbox 1359 725 1533 772; x_wconf 87' lang='lat' dir='ltr'>tempore</span> <span class='ocrx_word' id='word_1_439' title='bbox 1554 723 1706 762; x_wconf 88' lang='lat' dir='ltr'>Turcae</span> <span class='ocrx_word' id='word_1_440' title='bbox 1727 724 2060 775; x_wconf 86' lang='lat' dir='ltr'>Constantinopoli</span> <span class='ocrx_word' id='word_1_441' title='bbox 2077 737 2142 775; x_wconf 91' lang='lat' dir='ltr'>po-</span> 
     </span>
     <span class='ocr_line' id='line_1_74' title="bbox 1193 775 2140 822; baseline 0.005 -10"><span class='ocrx_word' id='word_1_442' title='bbox 1193 775 1256 813; x_wconf 90' lang='lat' dir='ltr'>titi</span> <span class='ocrx_word' id='word_1_443' title='bbox 1276 778 1379 822; x_wconf 91' lang='lat' dir='ltr'>sunt,</span> <span class='ocrx_word' id='word_1_444' title='bbox 1396 779 1525 815; x_wconf 89' lang='lat' dir='ltr'>status</span> <span class='ocrx_word' id='word_1_445' title='bbox 1544 777 1731 815; x_wconf 87' lang='lat' dir='ltr'>ecclesiae</span> <span class='ocrx_word' id='word_1_446' title='bbox 1751 778 1927 817; x_wconf 84' lang='lat' dir='ltr'>Graecae</span> <span class='ocrx_word' id='word_1_447' title='bbox 1947 779 2052 817; x_wconf 87' lang='lat' dir='ltr'>intra</span> <span class='ocrx_word' id='word_1_448' title='bbox 2069 790 2140 816; x_wconf 87' lang='lat' dir='ltr'>eo-</span> 
     </span>
     <span class='ocr_line' id='line_1_75' title="bbox 1195 830 2144 879; baseline 0.004 -13"><span class='ocrx_word' id='word_1_449' title='bbox 1195 841 1281 866; x_wconf 88' lang='lat' dir='ltr'>rum</span> <span class='ocrx_word' id='word_1_450' title='bbox 1298 830 1500 879; x_wconf 88' lang='lat' dir='ltr'>imperium</span> <span class='ocrx_word' id='word_1_451' title='bbox 1535 832 1722 869; x_wconf 91' lang='lat' dir='ltr'>continuo</span> <span class='ocrx_word' id='word_1_452' title='bbox 1755 832 1929 870; x_wconf 89' lang='lat' dir='ltr'>redditus</span> <span class='ocrx_word' id='word_1_453' title='bbox 1946 835 2007 870; x_wconf 89' lang='lat' dir='ltr'>est</span> <span class='ocrx_word' id='word_1_454' title='bbox 2030 833 2144 870; x_wconf 88' lang='lat' dir='ltr'>dete-</span> 
     </span>
     <span class='ocr_line' id='line_1_76' title="bbox 1194 883 2144 924; baseline 0.004 -4"><span class='ocrx_word' id='word_1_455' title='bbox 1194 884 1287 920; x_wconf 85' lang='lat' dir='ltr'>rior.</span> <span class='ocrx_word' id='word_1_456' title='bbox 1307 883 1446 921; x_wconf 86' lang='lat' dir='ltr'>Graeci</span> <span class='ocrx_word' id='word_1_457' title='bbox 1466 883 1570 921; x_wconf 88' lang='lat' dir='ltr'>enim</span> <span class='ocrx_word' id='word_1_458' title='bbox 1589 897 1612 922; x_wconf 92' lang='lat' dir='ltr'>a</span> <span class='ocrx_word' id='word_1_459' title='bbox 1633 884 1770 922; x_wconf 90' lang='lat' dir='ltr'>Turcis</span> <span class='ocrx_word' id='word_1_460' title='bbox 1786 885 1912 923; x_wconf 86' lang='lat' dir='ltr'>variis</span> <span class='ocrx_word' id='word_1_461' title='bbox 1933 885 2055 924; x_wconf 86' lang='lat' dir='ltr'>modis</span> <span class='ocrx_word' id='word_1_462' title='bbox 2075 898 2144 924; x_wconf 89' lang='lat' dir='ltr'>ve-</span> 
     </span>
     <span class='ocr_line' id='line_1_77' title="bbox 1197 937 2141 986; baseline 0.002 -12"><span class='ocrx_word' id='word_1_463' title='bbox 1197 937 1417 983; x_wconf 83' lang='lat' dir='ltr'>xabantur,</span> <span class='ocrx_word' id='word_1_464' title='bbox 1446 937 1628 986; x_wconf 85' lang='lat' dir='ltr'>religiosa</span> <span class='ocrx_word' id='word_1_465' title='bbox 1661 950 1794 976; x_wconf 91' lang='lat' dir='ltr'>eorum</span> <span class='ocrx_word' id='word_1_466' title='bbox 1813 939 1975 977; x_wconf 87' lang='lat' dir='ltr'>libertas</span> <span class='ocrx_word' id='word_1_467' title='bbox 2003 939 2141 977; x_wconf 89' lang='lat' dir='ltr'>admo-</span> 
     </span>
     <span class='ocr_line' id='line_1_78' title="bbox 1198 991 2139 1041; baseline 0.003 -14"><span class='ocrx_word' id='word_1_468' title='bbox 1198 991 1288 1028; x_wconf 89' lang='lat' dir='ltr'>dum</span> <span class='ocrx_word' id='word_1_469' title='bbox 1307 991 1493 1028; x_wconf 88' lang='lat' dir='ltr'>restricta</span> <span class='ocrx_word' id='word_1_470' title='bbox 1513 995 1610 1037; x_wconf 88' lang='lat' dir='ltr'>erat,</span> <span class='ocrx_word' id='word_1_471' title='bbox 1627 992 1786 1029; x_wconf 90' lang='lat' dir='ltr'>tributis</span> <span class='ocrx_word' id='word_1_472' title='bbox 1814 993 2015 1041; x_wconf 87' lang='lat' dir='ltr'>gravibus,</span> <span class='ocrx_word' id='word_1_473' title='bbox 2033 992 2139 1030; x_wconf 87' lang='lat' dir='ltr'>ludi-</span> 
     </span>
     <span class='ocr_line' id='line_1_79' title="bbox 1197 1044 2139 1093; baseline 0.004 -13"><span class='ocrx_word' id='word_1_474' title='bbox 1197 1044 1290 1081; x_wconf 89' lang='lat' dir='ltr'>briis</span> <span class='ocrx_word' id='word_1_475' title='bbox 1306 1047 1346 1081; x_wconf 91' lang='lat' dir='ltr'>et</span> <span class='ocrx_word' id='word_1_476' title='bbox 1361 1056 1475 1093; x_wconf 92' lang='lat' dir='ltr'>saepe</span> <span class='ocrx_word' id='word_1_477' title='bbox 1491 1044 1645 1083; x_wconf 90' lang='lat' dir='ltr'>iniuriis</span> <span class='ocrx_word' id='word_1_478' title='bbox 1662 1051 1774 1083; x_wconf 83' lang='lat' dir='ltr'>erant</span> <span class='ocrx_word' id='word_1_479' title='bbox 1793 1046 1962 1093; x_wconf 84' lang='lat' dir='ltr'>obnoxii,</span> <span class='ocrx_word' id='word_1_480' title='bbox 1983 1057 2139 1084; x_wconf 89' lang='lat' dir='ltr'>morum</span> 
     </span>
     <span class='ocr_line' id='line_1_80' title="bbox 1197 1097 2142 1148; baseline 0.002 -14"><span class='ocrx_word' id='word_1_481' title='bbox 1197 1101 1237 1135; x_wconf 91' lang='lat' dir='ltr'>et</span> <span class='ocrx_word' id='word_1_482' title='bbox 1265 1097 1487 1135; x_wconf 89' lang='lat' dir='ltr'>litterarum</span> <span class='ocrx_word' id='word_1_483' title='bbox 1508 1099 1661 1137; x_wconf 85' lang='lat' dir='ltr'>cultura</span> <span class='ocrx_word' id='word_1_484' title='bbox 1681 1099 1893 1137; x_wconf 81' lang='lat' dir='ltr'>maximam</span> <span class='ocrx_word' id='word_1_485' title='bbox 1913 1101 2065 1148; x_wconf 87' lang='lat' dir='ltr'>partem</span> <span class='ocrx_word' id='word_1_486' title='bbox 2085 1099 2142 1137; x_wconf 88' lang='lat' dir='ltr'>eis</span> 
     </span>
     <span class='ocr_line' id='line_1_81' title="bbox 1199 1151 2144 1201; baseline 0.002 -13"><span class='ocrx_word' id='word_1_487' title='bbox 1199 1154 1284 1189; x_wconf 89' lang='lat' dir='ltr'>erat</span> <span class='ocrx_word' id='word_1_488' title='bbox 1304 1151 1506 1200; x_wconf 87' lang='lat' dir='ltr'>praeclusa</span> <span class='ocrx_word' id='word_1_489' title='bbox 1523 1181 1533 1197; x_wconf 90' lang='lat'>,</span> <span class='ocrx_word' id='word_1_490' title='bbox 1553 1165 1652 1190; x_wconf 86' lang='lat' dir='ltr'>nova</span> <span class='ocrx_word' id='word_1_491' title='bbox 1672 1153 1818 1201; x_wconf 81' lang='lat' dir='ltr'>templa</span> <span class='ocrx_word' id='word_1_492' title='bbox 1837 1156 2043 1191; x_wconf 80' lang='lat' dir='ltr'>exstruere</span> <span class='ocrx_word' id='word_1_493' title='bbox 2073 1154 2144 1190; x_wconf 85' lang='lat' dir='ltr'>aut</span> 
     </span>
     <span class='ocr_line' id='line_1_82' title="bbox 1199 1205 2141 1255; baseline 0.002 -13"><span class='ocrx_word' id='word_1_494' title='bbox 1199 1205 1370 1254; x_wconf 85' lang='lat' dir='ltr'>collapsa</span> <span class='ocrx_word' id='word_1_495' title='bbox 1402 1208 1628 1243; x_wconf 85' lang='lat' dir='ltr'>restaurare</span> <span class='ocrx_word' id='word_1_496' title='bbox 1661 1207 1810 1244; x_wconf 90' lang='lat' dir='ltr'>nonnisi</span> <span class='ocrx_word' id='word_1_497' title='bbox 1843 1207 2004 1255; x_wconf 83' lang='lat' dir='ltr'>plurimi</span> <span class='ocrx_word' id='word_1_498' title='bbox 2037 1206 2141 1244; x_wconf 86' lang='lat' dir='ltr'>aeris</span> 
     </span>
     <span class='ocr_line' id='line_1_83' title="bbox 1200 1259 2142 1309; baseline 0.002 -13"><span class='ocrx_word' id='word_1_499' title='bbox 1200 1259 1348 1308; x_wconf 85' lang='lat' dir='ltr'>praetio</span> <span class='ocrx_word' id='word_1_500' title='bbox 1365 1259 1516 1296; x_wconf 89' lang='lat' dir='ltr'>licebat.</span> <span class='ocrx_word' id='word_1_501' title='bbox 1535 1259 1764 1297; x_wconf 88' lang='lat' dir='ltr'>Hierarchia</span> <span class='ocrx_word' id='word_1_502' title='bbox 1779 1260 1945 1309; x_wconf 85' lang='lat' dir='ltr'>pristina</span> <span class='ocrx_word' id='word_1_503' title='bbox 1959 1261 2062 1298; x_wconf 85' lang='lat' dir='ltr'>inter</span> <span class='ocrx_word' id='word_1_504' title='bbox 2076 1271 2142 1307; x_wconf 84' lang='lat' dir='ltr'>eos</span> 
     </span>
     <span class='ocr_line' id='line_1_84' title="bbox 1201 1313 2142 1363; baseline 0.001 -13"><span class='ocrx_word' id='word_1_505' title='bbox 1201 1314 1522 1359; x_wconf 86' lang='lat' dir='ltr'>conservabatur,</span> <span class='ocrx_word' id='word_1_506' title='bbox 1557 1314 1902 1362; x_wconf 86' lang='lat' dir='ltr'>perdurabantque</span> <span class='ocrx_word' id='word_1_507' title='bbox 1921 1315 1946 1351; x_wconf 88' lang='grc'>4</span> <span class='ocrx_word' id='word_1_508' title='bbox 1967 1313 2142 1363; x_wconf 82' lang='lat' dir='ltr'>patriar-</span> 
     </span>
     <span class='ocr_line' id='line_1_85' title="bbox 1201 1366 2145 1415; baseline -0.001 -10"><span class='ocrx_word' id='word_1_509' title='bbox 1201 1367 1351 1413; x_wconf 88' lang='lat' dir='ltr'>chatus,</span> <span class='ocrx_word' id='word_1_510' title='bbox 1371 1367 1512 1415; x_wconf 89' lang='lat' dir='ltr'>Cpnus,</span> <span class='ocrx_word' id='word_1_511' title='bbox 1533 1366 1834 1414; x_wconf 83' lang='lat' dir='ltr'>Alexandrinus,</span> <span class='ocrx_word' id='word_1_512' title='bbox 1862 1368 2145 1414; x_wconf 86' lang='lat' dir='ltr'>Antiochenus,</span> 
     </span>
     <span class='ocr_line' id='line_1_86' title="bbox 1202 1419 2153 1470; baseline -0.001 -12"><span class='ocrx_word' id='word_1_513' title='bbox 1202 1422 1242 1458; x_wconf 89' lang='lat' dir='ltr'>et</span> <span class='ocrx_word' id='word_1_514' title='bbox 1261 1419 1653 1469; x_wconf 80' lang='lat' dir='ltr'>Hierosolymitanus,</span> <span class='ocrx_word' id='word_1_515' title='bbox 1667 1421 1767 1457; x_wconf 89' lang='lat' dir='ltr'>inter</span> <span class='ocrx_word' id='word_1_516' title='bbox 1782 1433 1880 1469; x_wconf 85' lang='lat' dir='ltr'>quos</span> <span class='ocrx_word' id='word_1_517' title='bbox 1899 1421 2029 1470; x_wconf 89' lang='lat' dir='ltr'>Cpnus</span> <span class='ocrx_word' id='word_1_518' title='bbox 2040 1431 2128 1459; x_wconf 87' lang='lat' dir='ltr'>sum</span> <span class='ocrx_word' id='word_1_519' title='bbox 2140 1441 2153 1448; x_wconf 92' lang='lat'>-</span> 
     </span>
     <span class='ocr_line' id='line_1_87' title="bbox 1204 1473 2144 1522; baseline -0.001 -10"><span class='ocrx_word' id='word_1_520' title='bbox 1204 1486 1290 1512; x_wconf 89' lang='lat' dir='ltr'>mus</span> <span class='ocrx_word' id='word_1_521' title='bbox 1310 1476 1406 1511; x_wconf 90' lang='lat' dir='ltr'>erat.</span> <span class='ocrx_word' id='word_1_522' title='bbox 1427 1473 1602 1511; x_wconf 88' lang='lat' dir='ltr'>Antistes</span> <span class='ocrx_word' id='word_1_523' title='bbox 1631 1474 1760 1522; x_wconf 87' lang='lat' dir='ltr'>Cpnus</span> <span class='ocrx_word' id='word_1_524' title='bbox 1779 1474 1906 1512; x_wconf 89' lang='lat' dir='ltr'>veluti</span> <span class='ocrx_word' id='word_1_525' title='bbox 1926 1475 2046 1512; x_wconf 86' lang='lat' dir='ltr'>totius</span> <span class='ocrx_word' id='word_1_526' title='bbox 2075 1486 2144 1512; x_wconf 90' lang='lat' dir='ltr'>ec-</span> 
     </span>
     <span class='ocr_line' id='line_1_88' title="bbox 1204 1528 2150 1577; baseline 0 -12"><span class='ocrx_word' id='word_1_527' title='bbox 1204 1528 1340 1565; x_wconf 77' lang='lat' dir='ltr'>clesiae</span> <span class='ocrx_word' id='word_1_528' title='bbox 1360 1538 1522 1575; x_wconf 82' lang='lat' dir='ltr'>graecae</span> <span class='ocrx_word' id='word_1_529' title='bbox 1542 1530 1661 1575; x_wconf 87' lang='lat' dir='ltr'>caput</span> <span class='ocrx_word' id='word_1_530' title='bbox 1680 1530 1719 1564; x_wconf 92' lang='lat' dir='ltr'>et</span> <span class='ocrx_word' id='word_1_531' title='bbox 1736 1528 1959 1574; x_wconf 88' lang='lat' dir='ltr'>monarcha,</span> <span class='ocrx_word' id='word_1_532' title='bbox 1978 1539 2067 1565; x_wconf 88' lang='lat' dir='ltr'>cum</span> <span class='ocrx_word' id='word_1_533' title='bbox 2083 1539 2150 1577; x_wconf 86' lang='lat' dir='ltr'>sy·</span> 
     </span>
     <span class='ocr_line' id='line_1_89' title="bbox 1205 1580 2147 1629; baseline -0.001 -10"><span class='ocrx_word' id='word_1_534' title='bbox 1205 1582 1302 1619; x_wconf 88' lang='lat' dir='ltr'>nodo</span> <span class='ocrx_word' id='word_1_535' title='bbox 1322 1593 1390 1618; x_wconf 89' lang='lat' dir='ltr'>suo</span> <span class='ocrx_word' id='word_1_536' title='bbox 1410 1580 1595 1629; x_wconf 89' lang='lat' dir='ltr'>graviora</span> <span class='ocrx_word' id='word_1_537' title='bbox 1615 1581 1823 1619; x_wconf 85' lang='lat' dir='ltr'>universae</span> <span class='ocrx_word' id='word_1_538' title='bbox 1852 1581 2052 1620; x_wconf 89' lang='lat' dir='ltr'>Ecclesiae</span> <span class='ocrx_word' id='word_1_539' title='bbox 2072 1593 2147 1618; x_wconf 86' lang='lat' dir='ltr'>ne·-</span> 
     </span>
     <span class='ocr_line' id='line_1_90' title="bbox 1206 1634 2149 1685; baseline -0.001 -13"><span class='ocrx_word' id='word_1_540' title='bbox 1206 1635 1313 1685; x_wconf 85' lang='lat' dir='ltr'>gotia</span> <span class='ocrx_word' id='word_1_541' title='bbox 1332 1634 1643 1672; x_wconf 86' lang='lat' dir='ltr'>administrabat.</span> <span class='ocrx_word' id='word_1_542' title='bbox 1677 1634 1932 1672; x_wconf 83' lang='lat' dir='ltr'>Caeterorum</span> <span class='ocrx_word' id='word_1_543' title='bbox 1968 1646 2060 1672; x_wconf 91' lang='lat' dir='ltr'>vero</span> <span class='ocrx_word' id='word_1_544' title='bbox 2080 1646 2149 1684; x_wconf 88' lang='lat' dir='ltr'>pa-</span> 
     </span>
     <span class='ocr_line' id='line_1_91' title="bbox 1204 1687 2148 1727; baseline -0.001 0"><span class='ocrx_word' id='word_1_545' title='bbox 1204 1689 1467 1727; x_wconf 88' lang='lat' dir='ltr'>triarcharum</span> <span class='ocrx_word' id='word_1_546' title='bbox 1488 1688 1700 1726; x_wconf 87' lang='lat' dir='ltr'>auctoritas</span> <span class='ocrx_word' id='word_1_547' title='bbox 1734 1687 1918 1725; x_wconf 88' lang='lat' dir='ltr'>continuo</span> <span class='ocrx_word' id='word_1_548' title='bbox 1947 1688 2148 1726; x_wconf 89' lang='lat' dir='ltr'>diminue-</span> 
     </span>
     <span class='ocr_line' id='line_1_92' title="bbox 1207 1740 2154 1790; baseline -0.002 -10"><span class='ocrx_word' id='word_1_549' title='bbox 1207 1745 1343 1788; x_wconf 88' lang='lat' dir='ltr'>batur,</span> <span class='ocrx_word' id='word_1_550' title='bbox 1373 1743 1413 1779; x_wconf 88' lang='lat' dir='ltr'>et</span> <span class='ocrx_word' id='word_1_551' title='bbox 1446 1753 1469 1779; x_wconf 90' lang='lat' dir='ltr'>a</span> <span class='ocrx_word' id='word_1_552' title='bbox 1489 1741 1595 1790; x_wconf 90' lang='lat' dir='ltr'>Cpno</span> <span class='ocrx_word' id='word_1_553' title='bbox 1634 1742 1853 1790; x_wconf 84' lang='lat' dir='ltr'>dependens</span> <span class='ocrx_word' id='word_1_554' title='bbox 1881 1740 1987 1780; x_wconf 80' lang='lat' dir='ltr'>facta</span> <span class='ocrx_word' id='word_1_555' title='bbox 2015 1744 2086 1780; x_wconf 84' lang='lat' dir='ltr'>est.</span> <span class='ocrx_word' id='word_1_556' title='bbox 2122 1741 2154 1779; x_wconf 93' lang='lat' dir='ltr'>Ii</span> 
     </span>
     <span class='ocr_line' id='line_1_93' title="bbox 1207 1794 2150 1846; baseline -0.002 -12"><span class='ocrx_word' id='word_1_557' title='bbox 1207 1797 1411 1846; x_wconf 88' lang='lat' dir='ltr'>plerosque</span> <span class='ocrx_word' id='word_1_558' title='bbox 1430 1807 1520 1833; x_wconf 87' lang='lat' dir='ltr'>suos</span> <span class='ocrx_word' id='word_1_559' title='bbox 1540 1794 1808 1845; x_wconf 86' lang='lat' dir='ltr'>suffraganeos</span> <span class='ocrx_word' id='word_1_560' title='bbox 1827 1795 2045 1834; x_wconf 86' lang='lat' dir='ltr'>amiserunt</span> <span class='ocrx_word' id='word_1_561' title='bbox 2063 1824 2074 1842; x_wconf 91' lang='lat'><strong>‚</strong></span> <span class='ocrx_word' id='word_1_562' title='bbox 2093 1795 2150 1833; x_wconf 85' lang='lat' dir='ltr'>ita</span> 
     </span>
     <span class='ocr_line' id='line_1_94' title="bbox 1211 1849 2155 1899; baseline -0.002 -11"><span class='ocrx_word' id='word_1_563' title='bbox 1211 1855 1252 1888; x_wconf 91' lang='lat' dir='ltr'>ut</span> <span class='ocrx_word' id='word_1_564' title='bbox 1267 1849 1558 1889; x_wconf 85' lang='lat' dir='ltr'>Alexandrinus</span> <span class='ocrx_word' id='word_1_565' title='bbox 1572 1861 1647 1886; x_wconf 93' lang='lat' dir='ltr'>non</span> <span class='ocrx_word' id='word_1_566' title='bbox 1665 1849 1736 1887; x_wconf 92' lang='lat' dir='ltr'>nisi</span> <span class='ocrx_word' id='word_1_567' title='bbox 1753 1849 2057 1899; x_wconf 87' lang='lat' dir='ltr'>chorepiscopos,</span> <span class='ocrx_word' id='word_1_568' title='bbox 2075 1849 2155 1886; x_wconf 91' lang='lat' dir='ltr'>An-</span> 
     </span>
     <span class='ocr_line' id='line_1_95' title="bbox 1207 1902 2153 1952; baseline -0.002 -10"><span class='ocrx_word' id='word_1_569' title='bbox 1207 1905 1408 1942; x_wconf 88' lang='lat' dir='ltr'>tiochenus</span> <span class='ocrx_word' id='word_1_570' title='bbox 1430 1915 1571 1952; x_wconf 89' lang='lat' dir='ltr'>paucos</span> <span class='ocrx_word' id='word_1_571' title='bbox 1585 1903 1797 1951; x_wconf 88' lang='lat' dir='ltr'>episcopos,</span> <span class='ocrx_word' id='word_1_572' title='bbox 1812 1902 1850 1940; x_wconf 88' lang='lat' dir='ltr'>in</span> <span class='ocrx_word' id='word_1_573' title='bbox 1867 1902 1984 1951; x_wconf 82' lang='lat' dir='ltr'>Syria</span> <span class='ocrx_word' id='word_1_574' title='bbox 2010 1903 2153 1941; x_wconf 82' lang='lat' dir='ltr'>terris-</span> 
     </span>
     <span class='ocr_line' id='line_1_96' title="bbox 1209 1956 2152 2007; baseline -0.002 -11"><span class='ocrx_word' id='word_1_575' title='bbox 1209 1971 1281 2007; x_wconf 85' lang='lat' dir='ltr'>que</span> <span class='ocrx_word' id='word_1_576' title='bbox 1301 1957 1458 2001; x_wconf 86' lang='lat' dir='ltr'>viciuis,</span> <span class='ocrx_word' id='word_1_577' title='bbox 1478 1956 1857 2005; x_wconf 80' lang='lat' dir='ltr'>Hierosolymitanus</span> <span class='ocrx_word' id='word_1_578' title='bbox 1878 1957 1975 1994; x_wconf 90' lang='lat' dir='ltr'>duos</span> <span class='ocrx_word' id='word_1_579' title='bbox 1995 1958 2152 1994; x_wconf 78' lang='lat' dir='ltr'>tantum</span> 
     </span>
     <span class='ocr_line' id='line_1_97' title="bbox 1209 1998 2157 2061; baseline -0.002 -12"><span class='ocrx_word' id='word_1_580' title='bbox 1209 2013 1417 2061; x_wconf 87' lang='lat' dir='ltr'>episcopos,</span> <span class='ocrx_word' id='word_1_581' title='bbox 1438 2009 1649 2048; x_wconf 81' lang='lat' dir='ltr'>Nazarethi</span> <span class='ocrx_word' id='word_1_582' title='bbox 1677 2013 1716 2047; x_wconf 88' lang='lat' dir='ltr'>et</span> <span class='ocrx_word' id='word_1_583' title='bbox 1744 1998 1992 2047; x_wconf 68' lang='lat' dir='ltr'>Bethlehemi</span> <span class='ocrx_word' id='word_1_584' title='bbox 2022 2010 2095 2048; x_wconf 91' lang='lat' dir='ltr'>sub</span> <span class='ocrx_word' id='word_1_585' title='bbox 2115 2021 2157 2047; x_wconf 86' lang='lat' dir='ltr'>se</span> 
     </span>
     <span class='ocr_line' id='line_1_98' title="bbox 1210 2062 2153 2112; baseline -0.002 -9"><span class='ocrx_word' id='word_1_586' title='bbox 1210 2067 1382 2103; x_wconf 85' lang='lat' dir='ltr'>haberet.</span> <span class='ocrx_word' id='word_1_587' title='bbox 1405 2065 1448 2102; x_wconf 85' lang='lat' dir='ltr'>Id</span> <span class='ocrx_word' id='word_1_588' title='bbox 1469 2063 1652 2101; x_wconf 82' lang='lat' dir='ltr'>effectum</span> <span class='ocrx_word' id='word_1_589' title='bbox 1672 2066 1730 2101; x_wconf 90' lang='lat' dir='ltr'>est</span> <span class='ocrx_word' id='word_1_590' title='bbox 1750 2063 1895 2112; x_wconf 90' lang='lat' dir='ltr'>partim</span> <span class='ocrx_word' id='word_1_591' title='bbox 1928 2062 2153 2101; x_wconf 87' lang='lat' dir='ltr'>multitudi-</span> 
     </span>
     <span class='ocr_line' id='line_1_99' title="bbox 1210 2116 2155 2157; baseline -0.003 0"><span class='ocrx_word' id='word_1_592' title='bbox 1210 2132 1256 2157; x_wconf 91' lang='lat' dir='ltr'>ne</span> <span class='ocrx_word' id='word_1_593' title='bbox 1277 2118 1588 2157; x_wconf 85' lang='lat' dir='ltr'>Ghristianorum</span> <span class='ocrx_word' id='word_1_594' title='bbox 1605 2117 1935 2154; x_wconf 83' lang='lat' dir='ltr'>heterodoxorum</span> <span class='ocrx_word' id='word_1_595' title='bbox 1953 2116 1994 2154; x_wconf 89' lang='lat' dir='ltr'>in</span> <span class='ocrx_word' id='word_1_596' title='bbox 2015 2127 2155 2154; x_wconf 89' lang='lat' dir='ltr'>eorum</span> 
     </span>
     <span class='ocr_line' id='line_1_100' title="bbox 1211 2169 2156 2222; baseline -0.002 -12"><span class='ocrx_word' id='word_1_597' title='bbox 1211 2171 1538 2222; x_wconf 88' lang='lat' dir='ltr'>patriarchatibus</span> <span class='ocrx_word' id='word_1_598' title='bbox 1558 2171 1822 2214; x_wconf 83' lang='lat' dir='ltr'>existentium,</span> <span class='ocrx_word' id='word_1_599' title='bbox 1843 2169 1985 2219; x_wconf 83' lang='lat' dir='ltr'>partim</span> <span class='ocrx_word' id='word_1_600' title='bbox 2007 2171 2156 2208; x_wconf 78' lang='lat' dir='ltr'>deere-</span> 
     </span>
     <span class='ocr_line' id='line_1_101' title="bbox 1211 2223 2155 2272; baseline -0.004 -8"><span class='ocrx_word' id='word_1_601' title='bbox 1211 2230 1339 2264; x_wconf 87' lang='lat' dir='ltr'>mento</span> <span class='ocrx_word' id='word_1_602' title='bbox 1350 2225 1501 2262; x_wconf 86' lang='lat' dir='ltr'>urbium</span> <span class='ocrx_word' id='word_1_603' title='bbox 1518 2224 1565 2261; x_wconf 88' lang='lat' dir='ltr'>ad</span> <span class='ocrx_word' id='word_1_604' title='bbox 1575 2224 1728 2261; x_wconf 88' lang='lat' dir='ltr'>eosdem</span> <span class='ocrx_word' id='word_1_605' title='bbox 1745 2223 2042 2272; x_wconf 86' lang='lat' dir='ltr'>pertinentium.</span> <span class='ocrx_word' id='word_1_606' title='bbox 2056 2223 2155 2262; x_wconf 88' lang='lat' dir='ltr'>Cum</span> 
     </span>
     <span class='ocr_line' id='line_1_102' title="bbox 1210 2277 2156 2327; baseline -0.005 -9"><span class='ocrx_word' id='word_1_607' title='bbox 1210 2280 1329 2318; x_wconf 65' lang='lat' dir='ltr'>etiam</span> <span class='ocrx_word' id='word_1_608' title='bbox 1348 2279 1387 2316; x_wconf 86' lang='lat' dir='ltr'>in</span> <span class='ocrx_word' id='word_1_609' title='bbox 1406 2278 1675 2327; x_wconf 86' lang='lat' dir='ltr'>patriarchatu</span> <span class='ocrx_word' id='word_1_610' title='bbox 1704 2277 1810 2326; x_wconf 89' lang='lat' dir='ltr'>Cpno</span> <span class='ocrx_word' id='word_1_611' title='bbox 1844 2277 1995 2320; x_wconf 76' lang='lat' dir='ltr'>multae</span> <span class='ocrx_word' id='word_1_612' title='bbox 2023 2277 2156 2323; x_wconf 86' lang='lat' dir='ltr'>urbes,</span> 
     </span>
     <span class='ocr_line' id='line_1_103' title="bbox 1211 2330 2162 2384; baseline -0.003 -13"><span class='ocrx_word' id='word_1_613' title='bbox 1211 2335 1302 2384; x_wconf 80' lang='lat' dir='ltr'>olim</span> <span class='ocrx_word' id='word_1_614' title='bbox 1329 2333 1512 2370; x_wconf 85' lang='lat' dir='ltr'>fiorentes</span> <span class='ocrx_word' id='word_1_615' title='bbox 1529 2361 1538 2376; x_wconf 89' lang='lat'><strong>‚</strong></span> <span class='ocrx_word' id='word_1_616' title='bbox 1560 2332 1606 2369; x_wconf 88' lang='lat' dir='ltr'>ad</span> <span class='ocrx_word' id='word_1_617' title='bbox 1628 2330 1890 2368; x_wconf 88' lang='lat' dir='ltr'>conditionem</span> <span class='ocrx_word' id='word_1_618' title='bbox 1923 2330 2063 2369; x_wconf 78' lang='lat' dir='ltr'>vilium</span> <span class='ocrx_word' id='word_1_619' title='bbox 2086 2341 2162 2379; x_wconf 81' lang='lat' dir='ltr'>pa·-</span> 
     </span>
     <span class='ocr_line' id='line_1_104' title="bbox 1211 2382 2156 2437; baseline -0.002 -13"><span class='ocrx_word' id='word_1_620' title='bbox 1211 2398 1348 2437; x_wconf 88' lang='lat' dir='ltr'>gorum</span> <span class='ocrx_word' id='word_1_621' title='bbox 1369 2385 1654 2430; x_wconf 87' lang='lat' dir='ltr'>dolabercntur,</span> <span class='ocrx_word' id='word_1_622' title='bbox 1678 2384 1826 2422; x_wconf 86' lang='lat' dir='ltr'>factum</span> <span class='ocrx_word' id='word_1_623' title='bbox 1846 2387 1918 2430; x_wconf 86' lang='lat' dir='ltr'>est,</span> <span class='ocrx_word' id='word_1_624' title='bbox 1939 2387 1980 2423; x_wconf 89' lang='lat' dir='ltr'>ut</span> <span class='ocrx_word' id='word_1_625' title='bbox 2000 2382 2156 2435; x_wconf 83' lang='lat' dir='ltr'>episco-</span> 
     </span>
     <span class='ocr_line' id='line_1_105' title="bbox 1215 2435 2096 2491; baseline -0.001 -14"><span class='ocrx_word' id='word_1_626' title='bbox 1215 2446 1338 2491; x_wconf 85' lang='lat' dir='ltr'>patus,</span> <span class='ocrx_word' id='word_1_627' title='bbox 1358 2438 1421 2487; x_wconf 91' lang='lat' dir='ltr'>qui</span> <span class='ocrx_word' id='word_1_628' title='bbox 1438 2438 1475 2476; x_wconf 91' lang='lat' dir='ltr'>in</span> <span class='ocrx_word' id='word_1_629' title='bbox 1496 2438 1549 2476; x_wconf 91' lang='lat' dir='ltr'>eis</span> <span class='ocrx_word' id='word_1_630' title='bbox 1569 2442 1696 2484; x_wconf 84' lang='lat' dir='ltr'>erant,</span> <span class='ocrx_word' id='word_1_631' title='bbox 1717 2438 2051 2487; x_wconf 87' lang='lat' dir='ltr'>extinguerentur</span> <span class='ocrx_word' id='word_1_632' title='bbox 2069 2435 2096 2476; x_wconf 78' lang='lat'>².</span> 
     </span>
    </p>

    <p class='ocr_par' dir='ltr' id='par_1_13' title="bbox 1216 2491 2168 2864">
     <span class='ocr_line' id='line_1_106' title="bbox 1267 2491 2160 2536; baseline -0.001 -5"><span class='ocrx_word' id='word_1_633' title='bbox 1267 2492 1456 2536; x_wconf 87' lang='lat' dir='ltr'>Quamvis</span> <span class='ocrx_word' id='word_1_634' title='bbox 1489 2496 1619 2530; x_wconf 89' lang='lat' dir='ltr'>autem</span> <span class='ocrx_word' id='word_1_635' title='bbox 1650 2491 1740 2530; x_wconf 89' lang='lat' dir='ltr'>unio</span> <span class='ocrx_word' id='word_1_636' title='bbox 1761 2491 1949 2530; x_wconf 87' lang='lat' dir='ltr'>ecclesiae</span> <span class='ocrx_word' id='word_1_637' title='bbox 1983 2492 2160 2530; x_wconf 85' lang='lat' dir='ltr'>Graecae</span> 
     </span>
     <span class='ocr_line' id='line_1_107' title="bbox 1216 2545 2161 2586; baseline -0.002 -1"><span class='ocrx_word' id='word_1_638' title='bbox 1216 2559 1301 2586; x_wconf 87' lang='lat' dir='ltr'>cum</span> <span class='ocrx_word' id='word_1_639' title='bbox 1323 2548 1499 2584; x_wconf 82' lang='lat' dir='ltr'>Romana</span> <span class='ocrx_word' id='word_1_640' title='bbox 1520 2546 1555 2582; x_wconf 92' lang='lat' dir='ltr'>in</span> <span class='ocrx_word' id='word_1_641' title='bbox 1577 2545 1737 2583; x_wconf 85' lang='lat' dir='ltr'>concilio</span> <span class='ocrx_word' id='word_1_642' title='bbox 1769 2545 1997 2583; x_wconf 86' lang='lat' dir='ltr'>Florentino</span> <span class='ocrx_word' id='word_1_643' title='bbox 2023 2545 2161 2583; x_wconf 85' lang='lat' dir='ltr'>decre-</span> 
     </span>
     <span class='ocr_line' id='line_1_108' title="bbox 1216 2598 2159 2648; baseline -0.002 -10"><span class='ocrx_word' id='word_1_644' title='bbox 1216 2604 1267 2646; x_wconf 86' lang='lat' dir='ltr'>ta,</span> <span class='ocrx_word' id='word_1_645' title='bbox 1287 2600 1416 2638; x_wconf 83' lang='lat' dir='ltr'>fructu</span> <span class='ocrx_word' id='word_1_646' title='bbox 1436 2611 1503 2637; x_wconf 89' lang='lat' dir='ltr'>suo</span> <span class='ocrx_word' id='word_1_647' title='bbox 1523 2600 1736 2637; x_wconf 81' lang='lat' dir='ltr'>maximam</span> <span class='ocrx_word' id='word_1_648' title='bbox 1758 2601 1910 2648; x_wconf 88' lang='lat' dir='ltr'>partem</span> <span class='ocrx_word' id='word_1_649' title='bbox 1929 2598 2048 2637; x_wconf 87' lang='lat' dir='ltr'>fuerit</span> <span class='ocrx_word' id='word_1_650' title='bbox 2068 2598 2159 2637; x_wconf 88' lang='lat' dir='ltr'>fru-</span> 
     </span>
     <span class='ocr_line' id='line_1_109' title="bbox 1216 2652 2159 2702; baseline -0.003 -10"><span class='ocrx_word' id='word_1_651' title='bbox 1216 2658 1342 2693; x_wconf 84' lang='lat' dir='ltr'>strata</span> <span class='ocrx_word' id='word_1_652' title='bbox 1355 2653 1382 2699; x_wconf 79' lang='lat'>³,</span> <span class='ocrx_word' id='word_1_653' title='bbox 1402 2653 1621 2702; x_wconf 88' lang='lat' dir='ltr'>complures</span> <span class='ocrx_word' id='word_1_654' title='bbox 1641 2657 1770 2691; x_wconf 86' lang='lat' dir='ltr'>tamen</span> <span class='ocrx_word' id='word_1_655' title='bbox 1791 2652 1943 2698; x_wconf 89' lang='lat' dir='ltr'>Graeci,</span> <span class='ocrx_word' id='word_1_656' title='bbox 1962 2652 2081 2691; x_wconf 84' lang='lat' dir='ltr'>etiam</span> <span class='ocrx_word' id='word_1_657' title='bbox 2102 2652 2159 2689; x_wconf 90' lang='lat' dir='ltr'>in-</span> 
     </span>
     <span class='ocr_line' id='line_1_110' title="bbox 1216 2706 2168 2757; baseline -0.002 -12"><span class='ocrx_word' id='word_1_658' title='bbox 1216 2709 1317 2757; x_wconf 79' lang='lat' dir='ltr'>tegri</span> <span class='ocrx_word' id='word_1_659' title='bbox 1333 2711 1477 2752; x_wconf 87' lang='lat' dir='ltr'>coetus,</span> <span class='ocrx_word' id='word_1_660' title='bbox 1489 2707 1527 2744; x_wconf 90' lang='lat' dir='ltr'>in</span> <span class='ocrx_word' id='word_1_661' title='bbox 1547 2719 1592 2744; x_wconf 85' lang='lat' dir='ltr'>ea</span> <span class='ocrx_word' id='word_1_662' title='bbox 1613 2709 1925 2756; x_wconf 85' lang='lat' dir='ltr'>perseverarunt.</span> <span class='ocrx_word' id='word_1_663' title='bbox 1936 2706 2079 2745; x_wconf 88' lang='lat' dir='ltr'>Eorum</span> <span class='ocrx_word' id='word_1_664' title='bbox 2092 2717 2143 2743; x_wconf 90' lang='lat' dir='ltr'>nu</span> <span class='ocrx_word' id='word_1_665' title='bbox 2157 2725 2168 2733; x_wconf 89' lang='lat'><strong>·</strong></span> 
     </span>
     <span class='ocr_line' id='line_1_111' title="bbox 1217 2760 2164 2810; baseline -0.001 -12"><span class='ocrx_word' id='word_1_666' title='bbox 1217 2774 1345 2799; x_wconf 86' lang='lat' dir='ltr'>morus</span> <span class='ocrx_word' id='word_1_667' title='bbox 1366 2773 1572 2810; x_wconf 81' lang='lat' dir='ltr'>progressu</span> <span class='ocrx_word' id='word_1_668' title='bbox 1594 2761 1799 2810; x_wconf 87' lang='lat' dir='ltr'>temporis,</span> <span class='ocrx_word' id='word_1_669' title='bbox 1821 2760 2050 2809; x_wconf 86' lang='lat' dir='ltr'>praesertim</span> <span class='ocrx_word' id='word_1_670' title='bbox 2081 2770 2164 2798; x_wconf 83' lang='lat' dir='ltr'>sae-</span> 
     </span>
     <span class='ocr_line' id='line_1_112' title="bbox 1217 2815 2167 2864; baseline -0.002 -12"><span class='ocrx_word' id='word_1_671' title='bbox 1217 2815 1301 2853; x_wconf 88' lang='lat' dir='ltr'>culo</span> <span class='ocrx_word' id='word_1_672' title='bbox 1317 2815 1509 2864; x_wconf 82' lang='lat' dir='ltr'>sequenti,</span> <span class='ocrx_word' id='word_1_673' title='bbox 1527 2815 1691 2852; x_wconf 86' lang='lat' dir='ltr'>multum</span> <span class='ocrx_word' id='word_1_674' title='bbox 1709 2816 1847 2852; x_wconf 85' lang='lat' dir='ltr'>auctus</span> <span class='ocrx_word' id='word_1_675' title='bbox 1867 2816 1927 2852; x_wconf 80' lang='lat' dir='ltr'>est</span> <span class='ocrx_word' id='word_1_676' title='bbox 1945 2825 2064 2863; x_wconf 84' lang='lat' dir='ltr'>opera</span> <span class='ocrx_word' id='word_1_677' title='bbox 2083 2823 2167 2851; x_wconf 91' lang='lat' dir='ltr'>mo-</span> 
     </span>
    </p>
   </div>
   <div class='ocr_carea' id='block_1_11' title="bbox 1218 2905 2168 3113">
    <p class='ocr_par' dir='ltr' id='par_1_14' title="bbox 1218 2905 2168 3030">
     <span class='ocr_line' id='line_1_113' title="bbox 1262 2905 2168 2937; baseline -0.001 0"><span class='ocrx_word' id='word_1_678' title='bbox 1262 2906 1267 2927; x_wconf 88' lang='lat'>¹</span> <span class='ocrx_word' id='word_1_679' title='bbox 1289 2909 1388 2937; x_wconf 73' lang='lat' dir='ltr'>Consi.</span> <span class='ocrx_word' id='word_1_680' title='bbox 1406 2907 1433 2936; x_wconf 79' lang='lat' dir='ltr'>u.</span> <span class='ocrx_word' id='word_1_681' title='bbox 1453 2907 1608 2937; x_wconf 68' lang='lat' dir='ltr'>innovavit</span> <span class='ocrx_word' id='word_1_682' title='bbox 1627 2906 1866 2937; x_wconf 72' lang='lat' dir='ltr'>constitutiones</span> <span class='ocrx_word' id='word_1_683' title='bbox 1883 2914 1989 2937; x_wconf 82' lang='lat' dir='ltr'>omnes</span> <span class='ocrx_word' id='word_1_684' title='bbox 2009 2915 2027 2936; x_wconf 83' lang='lat' dir='ltr'>a</span> <span class='ocrx_word' id='word_1_685' title='bbox 2046 2905 2168 2937; x_wconf 83' lang='lat' dir='ltr'>Pontifi-</span> 
     </span>
     <span class='ocr_line' id='line_1_114' title="bbox 1218 2947 2166 2988; baseline 0 -10"><span class='ocrx_word' id='word_1_686' title='bbox 1218 2950 1304 2979; x_wconf 66' lang='lat' dir='ltr'>cibus</span> <span class='ocrx_word' id='word_1_687' title='bbox 1322 2949 1476 2988; x_wconf 74' lang='lat' dir='ltr'>prioribus</span> <span class='ocrx_word' id='word_1_688' title='bbox 1493 2949 1591 2979; x_wconf 80' lang='lat' dir='ltr'>editas</span> <span class='ocrx_word' id='word_1_689' title='bbox 1609 2952 1715 2979; x_wconf 83' lang='lat' dir='ltr'>contra</span> <span class='ocrx_word' id='word_1_690' title='bbox 1733 2948 1930 2979; x_wconf 78' lang='lat' dir='ltr'>facinorosos</span> <span class='ocrx_word' id='word_1_691' title='bbox 1943 2947 2094 2987; x_wconf 88' lang='lat' dir='ltr'>homines,</span> <span class='ocrx_word' id='word_1_692' title='bbox 2107 2956 2166 2979; x_wconf 82' lang='lat' dir='ltr'>co-</span> 
     </span>
     <span class='ocr_line' id='line_1_115' title="bbox 1218 2991 1969 3030; baseline -0.004 -9"><span class='ocrx_word' id='word_1_693' title='bbox 1218 3000 1344 3030; x_wconf 80' lang='lat' dir='ltr'>rumque</span> <span class='ocrx_word' id='word_1_694' title='bbox 1363 2991 1507 3020; x_wconf 57' lang='lat' dir='ltr'>saniores.</span> <span class='ocrx_word' id='word_1_695' title='bbox 1958 3014 1969 3028; x_wconf 73' lang='lat' dir='ltr'>r</span> 
     </span>
    </p>

    <p class='ocr_par' dir='ltr' id='par_1_15' title="bbox 1218 3029 2165 3113">
     <span class='ocr_line' id='line_1_116' title="bbox 1251 3029 2162 3071; baseline -0.001 -9"><span class='ocrx_word' id='word_1_696' title='bbox 1251 3032 1264 3052; x_wconf 63' lang='grc' dir='ltr'>’ἒ</span> <span class='ocrx_word' id='word_1_697' title='bbox 1282 3034 1318 3062; x_wconf 67' lang='lat' dir='ltr'>Le</span> <span class='ocrx_word' id='word_1_698' title='bbox 1334 3033 1440 3070; x_wconf 75' lang='lat' dir='ltr'>Quicn.</span> <span class='ocrx_word' id='word_1_699' title='bbox 1455 3032 1569 3062; x_wconf 76' lang='lat' dir='ltr'>Oriens</span> <span class='ocrx_word' id='word_1_700' title='bbox 1582 3031 1797 3069; x_wconf 49' lang='lat' dir='ltr'>cliristianuae</span> <span class='ocrx_word' id='word_1_701' title='bbox 1812 3031 1930 3067; x_wconf 80' lang='lat' dir='ltr'>Ricaut.</span> <span class='ocrx_word' id='word_1_702' title='bbox 1943 3029 2018 3062; x_wconf 77' lang='lat' dir='ltr'>Etat</span> <span class='ocrx_word' id='word_1_703' title='bbox 2027 3029 2162 3071; x_wconf 66' lang='lat' dir='ltr'>present</span> 
     </span>
     <span class='ocr_line' id='line_1_117' title="bbox 1218 3071 2165 3113; baseline 0.002 -12"><span class='ocrx_word' id='word_1_704' title='bbox 1218 3073 1272 3103; x_wconf 62' lang='lat' dir='ltr'>alos</span> <span class='ocrx_word' id='word_1_705' title='bbox 1295 3073 1403 3113; x_wconf 61' lang='lat' dir='ltr'>distis-vx</span> <span class='ocrx_word' id='word_1_706' title='bbox 1426 3072 1463 3103; x_wconf 66' lang='lat' dir='ltr'>«ta</span> <span class='ocrx_word' id='word_1_707' title='bbox 1493 3074 1523 3103; x_wconf 80' lang='lat' dir='ltr'>ln</span> <span class='ocrx_word' id='word_1_708' title='bbox 1542 3073 1639 3105; x_wconf 63' lang='lat' dir='ltr'>Criu-e</span> <span class='ocrx_word' id='word_1_709' title='bbox 1661 3080 1691 3104; x_wconf 74' lang='lat' dir='ltr'>ct</span> <span class='ocrx_word' id='word_1_710' title='bbox 1713 3073 1751 3104; x_wconf 74' lang='lat' dir='ltr'>«le</span> <span class='ocrx_word' id='word_1_711' title='bbox 1773 3071 1978 3112; x_wconf 68' lang='lat' dir='ltr'>l&#39;Artminic;</span> <span class='ocrx_word' id='word_1_712' title='bbox 2000 3073 2032 3104; x_wconf 79' lang='lat' dir='ltr'>R.</span> <span class='ocrx_word' id='word_1_713' title='bbox 2049 3073 2165 3110; x_wconf 84' lang='lat' dir='ltr'>Simon,</span> 
     </span>
    </p>
   </div>
   <div class='ocr_carea' id='block_1_12' title="bbox 1220 3108 2168 3188">
    <p class='ocr_par' dir='ltr' id='par_1_16' title="bbox 1220 3108 2168 3188">
     <span class='ocr_line' id='line_1_118' title="bbox 1220 3108 2168 3188; baseline -0.001 -43"><span class='ocrx_word' id='word_1_714' title='bbox 1220 3108 1356 3188; x_wconf 58' lang='lat' dir='ltr'>Ille&#39;xtlnira</span> <span class='ocrx_word' id='word_1_715' title='bbox 1371 3114 1409 3187; x_wconf 59' lang='lat' dir='ltr'>dle</span> <span class='ocrx_word' id='word_1_716' title='bbox 1424 3115 1454 3146; x_wconf 84' lang='lat' dir='ltr'>la</span> <span class='ocrx_word' id='word_1_717' title='bbox 1470 3124 1634 3155; x_wconf 75' lang='lat' dir='ltr'>croyance</span> <span class='ocrx_word' id='word_1_718' title='bbox 1657 3118 1687 3147; x_wconf 81' lang='lat' dir='ltr'>et</span> <span class='ocrx_word' id='word_1_719' title='bbox 1709 3115 1762 3147; x_wconf 74' lang='lat' dir='ltr'>cles</span> <span class='ocrx_word' id='word_1_720' title='bbox 1777 3116 1945 3148; x_wconf 63' lang='lat' dir='ltr'>contantes</span> <span class='ocrx_word' id='word_1_721' title='bbox 1971 3113 2024 3146; x_wconf 81' lang='lat' dir='ltr'>des</span> <span class='ocrx_word' id='word_1_722' title='bbox 2041 3114 2168 3146; x_wconf 61' lang='lat' dir='ltr'>viations</span> 
     </span>
     <span class='ocr_line' id='line_1_119' title="bbox 1220 3166 1406 3187; baseline 0 -1"><span class='ocrx_word' id='word_1_723' title='bbox 1220 3166 1261 3186; x_wconf 80' lang='grc' dir='ltr'>(ΙΙ</span> <span class='ocrx_word' id='word_1_724' title='bbox 1293 3166 1381 3187; x_wconf 56' lang='lat' dir='ltr'>,etum</span> <span class='ocrx_word' id='word_1_725' title='bbox 1403 3183 1406 3187; x_wconf 91' lang='lat'>.</span> 
     </span>
    </p>
   </div>
   <div class='ocr_carea' id='block_1_13' title="bbox 1261 3197 1568 3238">
    <p class='ocr_par' dir='ltr' id='par_1_17' title="bbox 1261 3197 1568 3238">
     <span class='ocr_line' id='line_1_120' title="bbox 1261 3197 1568 3238; baseline 0.003 -10"><span class='ocrx_word' id='word_1_726' title='bbox 1261 3197 1568 3238; x_wconf 60' lang='lat' dir='ltr'>sx&#39;ni.1›.1⁶28-i⁰2·.i.</span> 
     </span>
    </p>
   </div>
  </div>
 </body>
</html>
