2241 3473
528 168 960 256 HISTORlAE
1006 168 1672 257 ECCLESIASTICAE

706 412 1059 479 EPOOHA

647 613 680 649 Α
712 609 868 648 PONTI
876 609 1063 647 FICATV

1111 411 1492 479 SEPTIMA

1093 610 1130 647 S.
1161 609 1418 648 GREGORII
1448 611 1523 649 VH

570 694 742 736 VSQVE
771 694 841 732 AD
871 693 1241 732 INNOCENTIVM
1271 694 1350 740 ΙΙΙ,
1378 694 1461 732 AN.
1495 695 1605 733 1108.

444 918 738 946 PROOEMIVM
781 947 785 950 ⁴

168 1014 501 1054 Ordinatissimam
526 1014 728 1062 utriusque
751 1013 964 1061 potestatis,
995 1025 1061 1050 sa-

115 1069 279 1107 cerdotii
307 1070 346 1106 et
367 1066 544 1117 imperii,
566 1066 834 1111 concordiam,
864 1078 962 1114 quae
993 1067 1064 1104 suh

115 1123 242 1160 Leone
273 1121 342 1170 Pp.
363 1122 420 1158 III
441 1124 480 1158 et
499 1120 638 1157 Carolo
664 1120 715 1157 M.
747 1119 874 1156 fuerat
902 1131 1064 1168 compo-

114 1176 202 1221 sita,
222 1175 435 1224 principum
457 1173 645 1217 dissidiis,
676 1178 904 1221 magnatum
936 1173 1063 1209 ambi-

115 1229 283 1266 tionibus
313 1227 502 1274 bellisque
524 1226 702 1263 civilibus
731 1224 959 1274 disruptam,
980 1227 1063 1263 cla-

114 1282 256 1330 desque
273 1281 450 1329 ingentes
470 1279 559 1317 inde
574 1282 657 1316 tum
673 1290 803 1316 rerum
821 1279 1063 1327 publicarum

113 1334 314 1372 securitati
338 1336 377 1370 et
393 1333 639 1381 prosperitati
653 1337 735 1369 tum
750 1332 945 1369 Ecclesiae
964 1333 1063 1381 paci,

111 1386 352 1436 disciplinae,
373 1386 566 1434 splendori
595 1386 819 1434 iuribusque
849 1385 993 1430 illatas,
1022 1386 1059 1423 in

110 1440 360 1489 praecedenti
382 1439 529 1488 epocha
549 1439 832 1487 conspeximus.
854 1439 914 1476 Ad
944 1450 1060 1487 repa-

111 1493 234 1531 randa
255 1492 476 1542 grassantia
498 1492 611 1537 mala,
629 1492 723 1529 ordo
745 1492 980 1529 christianae
997 1504 1060 1529 so·-

112 1547 264 1584 cietatis
284 1551 369 1583 erat
389 1546 693 1593 componendus,
724 1543 921 1582 Ecclesiae
941 1545 1060 1582 liber-

111 1604 172 1636 tas
192 1601 231 1636 et
250 1599 338 1636 iura
367 1598 613 1643 vindicanda,
644 1598 736 1635 cleri
767 1596 970 1646 disciplina
998 1610 1060 1635 re-

112 1652 342 1697 f,0rmanda
379 1652 609 1700 populorum
650 1653 775 1688 mores
813 1652 1059 1699 corrigendi,

111 1705 328 1753 principum
349 1704 608 1742 saeculaiium
638 1705 677 1741 in
702 1716 764 1740 res
786 1715 883 1741 sacr
875 1716 914 1742 is
934 1705 1058 1741 auda-

91 1758 199 1803 ·cia,
228 1770 329 1806 quae
359 1770 401 1794 ei
403 1762 444 1794 at
473 1758 646 1806 plurium
685 1757 877 1794 maloium
917 1769 1059 1803 causa,

110 1810 367 1859 reprimenda.
390 1811 497 1848 Haec
518 1813 651 1847 autem
681 1822 755 1847 non
786 1811 867 1847 sine
897 1811 1060 1858 glandi-

111 1865 180 1901 bus
199 1863 408 1908 laboribus,
424 1875 549 1912 neque
570 1864 652 1900 sine
674 1863 951 1901 luctationibus
967 1865 1058 1901 mul-

110 1916 305 1966 tiplicibus
326 1916 428 1953 effici
448 1919 640 1965 poterant.

163 1969 306 2006 Divina
333 1970 575 2018 providentia
604 1970 652 2006 ad
682 1969 944 2017 incipiendum
965 1971 1057 2007 tan-

111 2024 195 2060 tum
226 2034 324 2072 opus
352 2023 565 2060 destinavit
600 2022 834 2071 Gregorium
864 2023 932 2071 Pp.
963 2023 1058 2068 VH,

109 2076 174 2124 qui
203 2087 347 2124 magna
376 2076 481 2114 vitae
510 2076 739 2120 sanctitate,
769 2076 907 2124 grandi
939 2077 1058 2113 animi

108 2128 336 2176 fortitudine
347 2131 386 2166 et
397 2129 615 2166 constantia
629 2129 838 2177 praedit-us,
856 2128 1057 2167 vindican-

108 2182 178 2219 dae
198 2181 394 2219 Ecclesiae
413 2182 583 2220 libertati
604 2186 644 2220 et
662 2181 924 2219 restituendae
945 2182 1056 2220 disci-

107 2233 234 2283 plinae
264 2235 599 2284 diligentissimam
635 2234 753 2272 simul
781 2247 826 2271 ac
855 2240 1054 2273 strenuam

108 2298 266 2336 operam
286 2288 461 2325 navavit.
477 2289 569 2326 Eius
580 2288 755 2337 vestigiis
775 2289 974 2325 inhaesere
991 2289 1055 2336 qui

112 2341 146 2377 ei
167 2340 205 2377 in
228 2352 376 2378 summo
398 2342 625 2389 pontificatu
646 2343 929 2379 successerunt.
953 2341 1002 2378 Hi
1021 2354 1054 2378 e-

106 2394 201 2431 tiam
232 2393 279 2430 ad
309 2405 337 2431 s.
368 2394 545 2442 Gregorii
575 2394 775 2443 exemplar
794 2394 1055 2432 reformandis

107 2445 301 2491 abusibus,
331 2446 570 2498 vindicandis
599 2447 872 2485 ecclesiasticis
892 2448 1054 2485 liberta-

106 2499 208 2537 tibus
229 2501 269 2536 et
297 2499 446 2537 iuribus
474 2502 611 2537 contra
639 2501 876 2549 imperantes
897 2500 1053 2547 civiles,

106 2556 147 2589 et
166 2552 388 2590 liberandae
419 2553 596 2591 societati
617 2554 850 2591 christianae
880 2554 927 2590 ab
947 2554 1050 2591 iniu-

105 2605 173 2643 stis
193 2606 502 2654 oppressionibus
517 2609 674 2643 strenue
690 2606 981 2652 adlaborarunt3
1002 2608 1049 2644 ad

105 2658 327 2695 liberandos
356 2659 474 2696 etiam
504 2659 742 2697 Christianos
777 2660 815 2696 in
844 2659 1001 2697 Oriente
1030 2672 1074 2698 a.

106 2711 192 2755 dira
219 2711 614 2748 Mahumethanorum
643 2714 846 2758 servitute,
867 2713 914 2750 ad
933 2725 1051 2750 recu-

104 2765 312 2813 perandam
334 2765 496 2801 Terram
514 2768 699 2811 sanctam,
721 2767 768 2803 ad
789 2766 1074 2814 reprimendas

104 2818 266 2855 istorum
287 2817 501 2854 infidelium
519 2830 743 2866 progressus
766 2821 805 2855 et
824 2830 1054 2857 conservan-

105 2871 191 2907 dam
212 2871 260 2907 ab
279 2871 502 2908 eorumdem
524 2871 730 2919 tyrannide
758 2872 952 2921 Europam
983 2885 1051 2910 ex-

105 2924 277 2961 citarunt
297 2924 398 2961 bella
418 2935 527 2962 sacra
558 2936 623 2961 seu
645 2924 906 2972 expeditiones
927 2926 1051 2964 dictas

103 2978 319 3014 cruciatae.
341 2979 523 3014 Attamen
545 2977 642 3013 haec
662 2977 744 3025 ipsa
774 2978 860 3014 RR.
882 2978 1049 3016 Pontifi-

103 3040 190 3066 cum
210 3030 256 3067 de
278 3030 453 3067 Ecclesia
473 3031 511 3067 et
532 3031 717 3067 societate
746 3029 885 3067 merita
905 3043 928 3068 a
949 3044 1046 3069 non-

103 3081 218 3120 nullis
237 3083 432 3125 historicis
454 3083 521 3121 vix
542 3083 714 3129 laudata,
734 3083 964 3132 quandoque
984 3084 1049 3121 im·
1069 3093 1071 3107 Ι

104 3135 265 3183 probata
284 3135 456 3174 fuerunt.

1165 908 1250 944 RR.
1275 907 1511 945 Pontificum
1540 909 1718 957 exemplo
1738 910 1899 947 excitati
1928 911 2060 960 plures

1111 960 1230 997 etiam
1246 960 1414 1009 episcopi
1430 962 1697 998 conservando
1707 961 1816 999 Fidei
1833 964 2005 1011 deposito
2021 967 2061 1002 et

1110 1014 1375 1051 restituendae
1394 1014 1618 1062 disciplinae
1648 1015 1927 1053 adlaborarunt
1955 1017 2058 1054 mul-

1110 1069 1246 1114 tasque
1265 1067 1436 1115 synodos
1457 1068 1504 1104 ad
1525 1068 1563 1104 id
1585 1070 1807 1116 coegerunt.
1827 1069 2057 1107 Institutum

1110 1121 1365 1157 monasticum
1395 1120 1642 1168 splendorem
1673 1124 1791 1169 atque
1829 1122 2055 1159 incremen-

1108 1175 1190 1210 tum
1213 1175 1361 1222 grande
1390 1174 1494 1222 cepit
1514 1173 1687 1212 fundatis
1706 1175 1816 1212 novis
1846 1175 2053 1213 Ordinibus

1109 1226 1438 1272 Cisterciensium,
1459 1227 1820 1272 Carthusianorum,
1838 1229 2053 1266 Praemon-

1108 1280 1686 1325 stratensium,Carmelitarum
1707 1280 1958 1329 aliorumque.
1982 1282 2056 1319 Du-

1108 1335 1220 1370 rante
1240 1334 1313 1370 hac
1328 1333 1472 1382 epocha
1491 1345 1644 1382 quoque
1663 1334 1835 1371 instituti
1855 1337 1946 1371 sunt
1963 1334 2056 1372 cele-

1107 1386 1194 1423 bres
1224 1385 1388 1424 Ordines
1418 1392 1617 1434 equestres
1643 1399 1672 1424 s.
1694 1387 1847 1424 Ioannis
1868 1387 2055 1424 Hieroso-

1105 1438 1298 1487 lymitani,
1325 1440 1636 1487 Templariorum
1667 1443 1706 1478 et
1734 1440 2050 1479 Teutonicorum.

1105 1492 1343 1530 Floruerunt
1383 1493 1499 1529 etiam
1539 1493 1614 1530 viri
1633 1522 1642 1537 ,
1677 1493 1902 1531 eruditionis
1939 1494 2053 1532 laude

1105 1546 1313 1593 conspicui,
1326 1546 1389 1594 qui
1406 1547 1474 1582 aut
1490 1546 1719 1584 catholicam
1737 1546 1950 1584 doctrinam
1968 1559 2054 1584 con-

1103 1602 1163 1635 tra
1192 1601 1436 1647 emergentes
1465 1610 1617 1636 errores
1645 1601 1954 1649 propugnarunt,
1984 1602 2052 1638 aut

1105 1652 1300 1689 Ecclesiae
1329 1651 1414 1689 iura
1442 1652 1721 1699 defenderunt,
1742 1656 1812 1690 aut
1831 1664 1892 1690 res
1922 1655 2052 1701 gestas

1103 1704 1244 1741 litteris
1265 1705 1560 1753 consignarunt.

1159 1758 1190 1794 1.
1215 1759 1253 1795 S.
1277 1759 1500 1806 Gregorius
1528 1758 1813 1808 VIIPontz'fex
1835 1758 2052 1809 (cm.1073)

1079 1810 1081 1827 ¹
1101 1811 1378 1848 —Alexander
1394 1811 1503 1859 PpJI
1515 1823 1631 1859 quum
1646 1814 1731 1859 post
1743 1824 1863 1849 annos
1877 1812 1937 1859 ll,
1950 1824 2054 1849 men·

1103 1876 1162 1901 ses
1182 1864 1219 1909 6,
1236 1864 1318 1901 dies
1337 1865 1400 1909 21,
1418 1876 1533 1912 quam
1549 1864 1742 1902 Ecclesiae
1764 1876 1940 1913 praeesse
1961 1877 2052 1903 coe-

1101 1919 1223 1966 perat,
1240 1917 1300 1954 X1⁰
1321 1917 1501 1954 calendas
1521 1917 1641 1954 maias
1673 1918 1785 1964 1073,
1805 1921 1847 1955 ut
1866 1918 2050 1965 vidimus,

1101 1971 1149 2008 ad
1169 1970 1364 2007 meliorem
1378 1970 1499 2007 vitam
1517 1971 1743 2017 transiisset,
1759 1971 1796 2007 in
1818 1971 1902 2009 eius
1921 1971 2050 2009 locum

1101 2023 1262 2061 summis
1283 2023 1455 2060 omnium
1471 2024 1732 2061 Cardinalium
1754 2023 1961 2073 suffragiis,
1979 2025 2051 2062 cle-

1100 2078 1133 2113 ri
1163 2076 1371 2126 populique
1400 2088 1560 2114 assensu
1595 2080 1635 2113 et
1664 2077 1850 2126 applausu
1876 2077 1883 2097 ¹
1905 2078 2049 2115 electus

1101 2130 1177 2168 fuit
1197 2130 1496 2176 Hildebrandus,
1527 2142 1547 2166 e
1578 2135 1686 2178 patre
1720 2142 1787 2167 suo
1816 2131 1970 2168 Suanae
2008 2131 2048 2168 in

1100 2183 1290 2220 Hetruria
1311 2186 1438 2229 natus,
1467 2195 1487 2220 e
1516 2184 1703 2220 monacho
1729 2184 1971 2221 Cluniacensi
1993 2186 2046 2222 R.

1099 2236 1142 2273 E.
1165 2235 1372 2273 cardinalis
1392 2236 1706 2282 archidiaconus,
1727 2237 1798 2274 sub
1818 2237 1946 2274 Leone
1970 2238 2023 2274 IX
2037 2266 2046 2282 ,

1100 2289 1258 2326 Victore
1278 2289 1328 2334 ΙΙ,
1347 2289 1544 2337 Stephano
1566 2290 1634 2335 IX,
1654 2289 1814 2327 Nicolao
1836 2291 1872 2327 II.
1893 2293 1932 2327 et
1950 2290 2045 2327 Ale-

1098 2343 1247 2379 xandro
1269 2341 1317 2386 ΙΙ,
1338 2343 1555 2391 praecipuis
1575 2344 1805 2380 muneribus
1826 2345 1865 2379 et
1884 2342 2046 2391 legatio-

1099 2396 1222 2441 nibus,
1237 2396 1352 2432 sicuti
1374 2396 1554 2442 diximus,
1576 2395 1801 2434 perfunctus
1817 2401 1888 2433 cst:
1910 2397 1970 2432 vir
1990 2398 2043 2433 in-

1137 2487 1287 2526 11dpatet
1303 2496 1338 2518 ex
1352 2487 1475 2518 decreto
1488 2488 1803 2528 electionisGrmegoiii
1813 2497 1863 2526 ap.
1876 2489 2039 2520 Baronium

1097 2530 1144 2559 ad.
1163 2538 1212 2559 an.
1233 2528 1316 2562 1073
1334 2527 1411 2569 βΙΞΙι,
1430 2533 1459 2559 ct
1482 2538 1528 2568 ap.
1554 2529 1718 2566 Labheum,
1744 2533 1763 2560 t.
1789 2530 1814 2559 X
1848 2527 1941 2560 Cone.
1959 2540 1986 2568 p
2013 2532 2041 2561 6

1096 2571 1216 2601 Itemex
1232 2571 1297 2600 eius
1311 2559 1501 2610 Epistola&
1530 2571 1548 2601 Ι.
1574 2572 1593 2608 1,
1610 2571 1691 2609 apud
1719 2570 1858 2600 eumdem
1885 2571 2039 2602 Labheum

1072 2610 1075 2646 Ι
1096 2621 1122 2651 p
1144 2612 1169 2643 7.
1187 2613 1290 2651 ltaque
1307 2612 1449 2642 mentitur
1465 2612 1580 2649 Benno,
1595 2611 1725 2650 pseudo·
1714 2611 1899 2642 -Gardinaiis
1917 2616 2041 2643 creatus

1073 2659 1074 2666 Ι
1095 2663 1112 2683 a
1128 2653 1261 2692 pseudo-
1268 2652 1411 2683 pontifice
1428 2653 1580 2683 Clemente
1596 2654 1641 2689 ΙΙΙ,
1665 2653 1822 2689 scribens,
1855 2653 2041 2692 Giegorium

1094 2696 1142 2726 Vll
1157 2704 1213 2733 per
1231 2695 1288 2724 vim
1307 2703 1476 2736 occupasse
1493 2694 1600 2724 Sedem
1619 2677 1838 2732 A’postolicani,
1868 2695 1950 2725 nullo
1967 2696 2042 2726 Car—

1072 2733 1196 2768 ldiuale
1224 2733 1434 2775 suffragante,
1461 2736 1543 2766 nullo
1567 2736 1643 2765 Cleii
1673 2735 1838 2775 populique
1874 2745 2038 2768 consensu.

1095 2778 1238 2808 Eumdem
1255 2778 1440 2813 Bennonem,
1457 2778 1583 2816 eiusque
1608 2779 1776 2806 sectatores
1796 2780 1936 2807 recentes
1953 2778 2041 2808 hete-

1094 2819 1226 2849 rodoxos
1243 2818 1362 2849 mentiti
1380 2818 1585 2855 alfiimantes
1609 2818 1788 2856 Gieg01ium
1818 2818 1978 2849 dubitasse
2002 2819 2040 2850 de

1093 2861 1268 2899 praesentia
1292 2858 1436 2897 Corpenis
1462 2859 1571 2889 emisti
1595 2859 1624 2888 iu
1648 2860 1860 2897 Euchaiistia,
1884 2861 1961 2890 satis
1985 2870 2036 2891 su-

1093 2910 1209 2941 perque
1232 2900 1367 2931 ostendit
1383 2900 1550 2938 Gregorius
1564 2901 1627 2938 ipse
1642 2901 1670 2930 in
1685 2910 1741 2930 sua
1757 2901 1861 2940 Epist.
1878 2900 1916 2931 47
1934 2902 1971 2938 (Ι.
1993 2903 2037 2940 Ι),

1092 2952 1173 2982 qua
1169 2941 1344 2973 mathildem
1359 2941 1548 2971 comitissam
1561 2942 1700 2971 hortatur
1713 2942 1751 2971 ad
1768 2943 1977 2973 Eucharistiae
1986 2952 2038 2973 sa-

1091 2988 1278 3014 crumentum
1294 2982 1494 3021 srequeutei
1482 2983 1670 3012 umeudum.
1683 2982 1774 3013 Inter·
1785 2986 1902 3020 celera,
1913 2984 2037 3023 scribit,

1090 3033 1170 3064 quae
1187 3024 1242 3055 tuln·
1258 3024 1372 3054 contra
1388 3023 1573 3063 principem
1586 3023 1700 3054 mundi
1717 3032 1824 3063 arma,
1847 3024 1910 3055 Deo
1926 3024 2040 3064 faven-

1093 3068 1133 3103 te,
1151 3065 1281 3101 contuli,
1298 3063 1382 3104 quod
1397 3065 1601 3109 polissemum
1622 3067 1676 3103 est,
1696 3066 1730 3096 ut
1755 3065 1878 3105 przts
1896 3065 2039 3098 Domini-

1091 3116 1163 3137 cum
1179 3108 1360 3150 frequenter
1385 3106 1553 3145 acciperes,
1572 3105 1719 3142 iudicavi,
1737 3108 1767 3137 et
1783 3108 1818 3138 ut
1830 3108 1936 3138 certae
1950 3107 2037 3147 sidu-

1068 3168 1072 3187 ,
1092 3148 1160 3179 ciac
1173 3147 1255 3179 ΙΙΙΙΙΙΙ·
1259 3156 1283 3177 zs
1297 3147 1427 3178 Domini
1441 3149 1468 3178 le
1485 3147 1617 3178 υΙΙΙΙΙΙΙΙο
1632 3149 1857 3186 committeres,
1875 3149 2035 3190 praecepi.

1813 3199 1828 3215 -Υ
