2241 3473
635 158 759 189 VSQVE
786 158 838 186 ΑΙ)
868 157 995 186 FINEM
1025 157 1183 186 IMPERII
1204 159 1350 188 GRAECI

35 229 204 278 regimen
223 228 262 265 et
281 225 542 264 institutiones
577 225 884 264 condemnarunt
902 253 912 270 ,
931 227 968 261 et

35 280 243 319 constituto
261 279 333 317 sibi
353 279 449 317 duce
470 278 655 328 Procopio
676 278 798 323 Raso,
822 278 968 316 Catho-

32 333 127 372 licos
157 332 370 370 crudeliter
402 332 595 381 persecuti
628 335 733 369 sunt.
754 331 830 369 Alii
847 360 857 376 ,
877 330 968 368 dicti

33 385 203 436 Orphani
221 415 231 431 ,
263 386 364 434 quod
399 385 524 434 eapite
555 396 623 422 seu
656 384 754 422 duce
775 386 969 429 carerent,

33 438 212 487 quumvis
226 438 436 487 aliquando
451 450 474 475 a
488 437 710 476 Thaboritis
720 438 969 474 dissentirent

33 493 74 530 et
91 493 273 540 separata
292 492 340 529 ab
361 492 406 529 iis
425 491 581 540 agmina
600 490 880 527 constituerent
896 519 906 534 ‚
925 501 968 526 e-

32 545 191 594 xigente
219 547 351 582 tamen
375 545 604 583 necessitate
625 542 859 580 coniunctim
879 553 965 578 cum

34 597 112 636 illis
131 598 312 646 agebant.
334 597 411 635 Alii
430 595 692 645 cognominati
713 594 909 640 Calixtini,
929 606 968 631 e-

35 655 125 689 rant
144 650 298 700 ingenio
317 650 429 700 longe
450 649 698 688 moderatiori
716 677 726 694 ,
756 647 970 685 Ecclesiam

35 704 267 742 catholicam
287 704 420 741 eiusve
441 703 616 752 regimen
637 705 707 739 aut
725 700 874 738 cultum
896 711 969 736 non

35 756 355 802 condemnabant,
371 757 438 793 sed
455 755 662 804 praecipue
678 753 972 802 propugnabant

36 809 106 848 hos
125 811 149 848 4
168 808 365 847 articulos:
384 807 434 855 1⁰,
455 812 496 846 ut
514 819 562 846 ss.
580 807 826 845 Eucharistia
846 806 972 844 omni-

36 863 108 902 bus
143 863 213 901 sub
251 868 413 911 utraque
445 862 572 910 specie
602 861 883 909 porrigeretur3
916 858 973 903 2⁰,

38 918 81 954 ut
101 927 233 954 omnes
251 915 470 953 sacerdotes
489 914 626 959 libere,
646 913 729 950 sine
752 914 910 962 praevia
928 924 972 950 e-

37 969 182 1018 piscopi
201 967 369 1014 licentia,
385 967 546 1004 verbum
561 967 735 1004 divinum
753 967 974 1016 praedicare

37 1025 206 1071 possent;
223 1020 276 1067 3⁰,
297 1024 339 1058 ut
358 1020 508 1058 clericis
527 1019 741 1069 temporale
762 1019 974 1057 dominium

37 1074 287 1120 adimeretur;
306 1072 360 1119 4⁰,
382 1075 423 1111 ut
442 1072 584 1110 delicta
609 1072 760 1122 publica
779 1073 887 1110 nulla
908 1083 973 1108 ra-

35 1127 155 1174 tione,
170 1139 215 1165 ne
234 1126 389 1165 maioris
403 1126 558 1174 quidem
574 1126 664 1164 mali
682 1126 829 1163 vitandi
845 1137 976 1171 causa,

38 1179 313 1219 tolerarentur.

91 1233 189 1272 Cum
224 1232 430 1271 Calixtinis
465 1231 734 1282 sigismundus
764 1232 976 1281 imperator

37 1286 180 1336 pacisci
199 1286 339 1335 coepit,
359 1297 521 1334 eosque,
541 1285 735 1323 concessis
755 1285 976 1323 securitatis

38 1339 193 1385 libellis,
213 1339 378 1377 adduxit
393 1368 404 1385 ,
425 1342 467 1376 ut
487 1338 638 1388 legatos
670 1338 911 1376 destinarent
929 1338 977 1375 ad

38 1391 245 1431 concilium
264 1391 442 1430 Basileae
469 1394 764 1441 congregatum.
787 1392 849 1430 Illi
868 1391 977 1429 initio

38 1445 129 1484 anni
147 1445 248 1484 1433
267 1444 459 1484 Basileam
487 1446 754 1492 advenerunt,
782 1456 978 1494 quumque

39 1500 142 1537 inter
155 1510 220 1537 eos
236 1502 276 1536 et
294 1498 454 1536 Concilii
470 1499 675 1547 deputatos
687 1498 734 1535 de
754 1510 980 1536 commemo-

40 1553 136 1591 ratis
155 1563 272 1601 supra
292 1552 467 1590 articulis
482 1552 564 1589 sine
583 1553 715 1600 optato
735 1551 876 1589 effectu
897 1551 978 1588 dis-

41 1608 281 1654 ceptaretur,
309 1604 522 1643 Concilium
541 1605 579 1642 in
600 1605 724 1653 ipsam
753 1603 980 1642 Bohemiam

43 1656 193 1708 aliquot
211 1658 318 1696 viros
336 1657 511 1707 legavit,
536 1658 600 1706 qui
621 1658 776 1706 Pragae
797 1669 884 1695 cum
904 1658 978 1696 Ca-

43 1711 189 1750 lixtinis
207 1722 341 1760 pacem
362 1713 664 1759 composuerunt
678 1711 737 1748 his
752 1711 915 1760 legibus:
938 1715 979 1747 ut

43 1765 82 1804 in
101 1763 288 1802 Bohemia
306 1766 345 1801 et
364 1763 543 1802 Moravia
561 1776 609 1802 ss.
642 1764 886 1802 Eucharistia
903 1763 979 1801 lai-

43 1818 99 1857 cis
117 1817 190 1855 sub
210 1820 378 1866 utraque
409 1816 535 1866 specie
568 1817 726 1854 concedi
745 1819 895 1866 posset,
913 1817 979 1854 sed

44 1869 170 1910 adulti
188 1869 399 1932 diligenter
412 1870 682 1916 edocerentur,
695 1869 892 1908 Christum
909 1870 979 1908 sub

45 1922 185 1975 quavis
199 1923 328 1976 specie
347 1925 472 1961 totum
505 1923 723 1970 contineri3
755 1926 798 1962 ut
817 1923 978 1962 verbum

29 1978 222 2022 ,divinum
239 1976 362 2015 libere
381 1976 684 2025 praedicaretur,
699 1988 775 2014 non
790 1981 920 2016 tamen
935 1975 979 2014 si

46 2043 94 2070 ne
110 2030 344 2069 auctoritate
357 2029 601 2078 superiorum
616 2030 981 2076 ecclesiasticorum3

47 2087 91 2124 ut
104 2085 204 2122 bona
219 2082 484 2121 ecclesiastica
495 2095 517 2121 a
527 2083 630 2120 clero
647 2084 791 2121 secund
798 2095 860 2121 um
874 2094 982 2132 prae-

46 2139 192 2188 scripta
210 2136 373 2174 Patrum
388 2134 558 2174 fideliter
571 2137 925 2183 administraretur3
941 2140 984 2173 ut

48 2194 206 2241 peccata
225 2189 405 2228 mortalia
423 2190 636 2227 secundum
657 2189 760 2239 leges
776 2190 927 2228 divinas
946 2192 984 2226 et

50 2243 334 2282 ecclesiasticas
350 2272 361 2289 ,
380 2245 571 2292 quantum
591 2242 676 2280 fieri
696 2246 850 2292 posset,
871 2243 983 2292 puni-

49 2299 198 2344 rentur,
219 2308 294 2334 non
314 2299 446 2334 tamen
468 2307 491 2333 a
511 2296 688 2344 personis
717 2297 891 2345 privatis.
914 2296 985 2333 His

50 2350 177 2395 factis,
192 2349 375 2388 Calixtini
389 2360 429 2387 se
443 2360 528 2386 cum
549 2349 758 2387 Catholicis
780 2350 986 2387 coniunxe-

51 2405 156 2449 runt,
175 2414 216 2440 se
235 2401 480 2450 Sigismundo
502 2405 545 2440 ut
565 2402 648 2452 regi
667 2403 927 2449 subiecerunt,
948 2405 987 2439 et

51 2467 142 2494 cum
161 2454 370 2493 Catholicis
403 2455 501 2492 uniti
519 2484 528 2501 ,
548 2468 611 2494 an.
634 2457 734 2493 1434
754 2456 987 2494 Thaboritas

52 2520 171 2559 prope
189 2508 361 2556 Pragam
381 2508 464 2545 acie
484 2509 608 2547 victos
626 2509 775 2558 ingenti
795 2509 905 2546 clade
926 2508 987 2546 af-

54 2562 244 2600 fecerunt.
264 2563 375 2598 Anno
393 2565 578 2610 sequente
612 2575 746 2600 omnes
777 2562 988 2600 Bohemiae

54 2619 94 2654 et
114 2615 316 2653 Moraviae
335 2614 488 2652 ordines
510 2615 549 2652 in
570 2613 735 2664 publicis
758 2615 924 2654 comitiis
944 2627 989 2653 o-

54 2667 289 2706 bedientiam
310 2666 504 2704 Ecclesiae
531 2669 742 2706 catholicae
765 2671 803 2706 et
822 2669 911 2706 Sedi
932 2670 989 2706 A·-

54 2721 264 2772 postolicae
284 2718 443 2768 professi
462 2723 565 2758 sunt.

108 2775 215 2814 Haec
236 2776 348 2823 pacta
375 2773 477 2810 inter
508 2773 701 2812 Bohemos
720 2777 760 2813 et
777 2775 990 2824 imperato-

55 2841 139 2868 rem
172 2826 468 2877 Sigismundum
502 2828 617 2875 atque
649 2828 854 2866 concilium
874 2829 988 2867 Basi-

54 2883 181 2921 leense
201 2880 310 2926 inita,
329 2891 391 2918 an.
410 2878 712 2928 14361glaviae,
729 2881 890 2918 adiectis
915 2882 990 2919 ali-

55 2938 151 2984 quot
170 2931 508 2982 explicationibus,
526 2932 766 2978 confirmata,
787 2933 989 2972 Basileen-

39 2989 114 3027 >sia
133 2990 173 3026 et
192 2985 408 3035 Pragensia
427 2984 679 3034 Compactata
699 2986 885 3034 appellari
905 2999 991 3024 con-

56 3043 276 3079 sueverunt.
298 3039 495 3098 Quantum
516 3040 667 3086 spectat
687 3039 734 3075 ad
756 3039 989 3078 Thaboritas

42 3096 144 3144 rpost
161 3096 333 3142 stragem
354 3091 444 3129 anni
463 3091 563 3129 1434
579 3092 818 3139 superstites,
835 3091 891 3130 illi
910 3104 992 3131 coe-

58 3151 121 3185 tus
135 3148 334 3206 separatos
342 3144 478 3183 saltem
490 3143 708 3182 clanculum
719 3144 991 3184 continuarunt

64 3211 187 3249 usque
217 3199 256 3238 in
290 3209 453 3249 sequens
486 3197 711 3243 saeculum,
742 3209 818 3248 quo
845 3209 884 3236 se
903 3210 988 3238 cum

1823 149 1898 188 119

1015 224 1220 264 haereticis
1258 225 1696 276 pseudorcformationis
1736 225 1952 264 coniunxe-

1015 281 1109 315 runt
1132 278 1156 316 ¹.

1069 331 1125 369 18.
1137 332 1460 380 Flayellantz'um
1468 331 1740 371 secta—Anno
1758 331 1860 370 1414
1873 342 1954 368 rur-

1013 395 1078 421 sus
1116 385 1423 433 Flagellantium
1456 390 1562 424 secta
1580 385 1594 407 ²
1607 414 1618 432 ,
1638 385 1737 423 duce
1774 384 1953 423 Conrado

1013 437 1185 482 Schmid,
1217 438 1376 475 emersit
1408 439 1446 475 in
1481 438 1702 488 Thuringia
1727 439 1768 476 et
1796 437 1953 475 Misnia.

1014 489 1090 535 llli,
1104 491 1246 538 spretis
1259 491 1456 528 Ecclesiae
1473 491 1722 537 auctoritate,
1737 502 1955 529 sacramen-

1015 543 1063 579 tis
1096 543 1278 592 omnique
1313 544 1420 581 cultu
1456 548 1631 590 externo,
1652 544 1953 589 contendebant,

1013 599 1215 633 cruentam
1235 596 1294 633 sui
1314 596 1618 646 flagellationem
1653 609 1738 635 esse
1772 597 1951 635 omnibus

1015 649 1272 686 necessariam
1294 649 1341 686 ad
1361 650 1538 688 salutem.
1559 651 1708 688 Tantas
1728 653 1859 688 autem
1880 661 1956 687 ex—

1015 701 1188 738 citabant
1222 702 1356 740 turbas
1371 730 1382 749 ,
1425 705 1469 740 ut
1501 704 1659 741 comites
1697 702 1956 752 provinciales

1015 754 1253 803 Thuringiae
1274 766 1351 793 una
1379 767 1465 792 cum
1495 756 1788 805 inquisitoribus
1809 757 1847 793 in
1867 755 1956 793 illos

1015 807 1376 845 animadverterint.
1406 808 1521 847 Multi
1550 821 1571 846 e
1599 809 1774 847 sectariis
1803 821 1957 847 errores

1015 860 1261 909 abiecerunt3
1282 861 1348 898 alii
1369 861 1525 899 circiter
1540 862 1751 910 nonaginta
1769 874 1857 899 cum
1879 863 1957 899 du-

1016 925 1057 950 ce
1076 925 1147 951 suo
1173 915 1350 952 Conrado
1378 914 1537 952 Schmid
1565 916 1798 964 pertinaces,
1819 916 1866 953 ad
1889 927 1956 952 ro-

1017 978 1111 1016 gum
1131 967 1379 1005 condemnati
1400 970 1501 1004 sunt.

1072 1019 1130 1057 19.
1150 1021 1368 1058 Martinus
1385 1021 1587 1069 Pontifex
1603 1019 1688 1072 (an.
1708 1020 1826 1071 1417)
1839 1044 1889 1049 —-
1902 1022 1962 1058 In-

1016 1075 1124 1110 terea
1143 1072 1338 1111 Martinus
1358 1074 1429 1122 Pp.
1451 1073 1500 1120 V,
1521 1077 1563 1111 ut
1583 1086 1700 1122 supra
1720 1074 1902 1120 vidimus,
1920 1075 1958 1111 in

1018 1125 1179 1163 concilio
1200 1126 1490 1165 Constantiensi
1505 1127 1663 1173 electus,
1679 1127 1855 1164 absoluto
1876 1140 1962 1164 con-

1018 1179 1106 1216 cilio
1126 1179 1282 1217 minime
1300 1180 1485 1229 neglexit,
1502 1192 1603 1229 quae
1615 1181 1663 1217 ad
1676 1180 1868 1230 Principis
1888 1192 1958 1218 su-

1019 1232 1142 1281 premi
1159 1244 1298 1270 munus
1310 1233 1516 1282 pertinent.
1528 1233 1707 1282 Namque
1723 1234 1901 1282 pervicit,
1916 1236 1960 1270 ut

1019 1286 1204 1323 Braccius
1232 1286 1320 1323 Dux
1344 1286 1556 1324 Perusinus
1590 1289 1797 1336 occupatas
1817 1287 1958 1324 Eccle-

1020 1339 1099 1377 siae
1119 1339 1247 1377 Urbes
1267 1339 1508 1387 restitueret;
1528 1341 1568 1377 et
1588 1339 1872 1386 Bononienses,
1892 1340 1957 1389 qui

1021 1396 1179 1430 auctore
1198 1393 1289 1430 Ant.
1311 1393 1516 1431 Bentivolo
1536 1393 1670 1442 iugum
1692 1395 1960 1437 excusserant,

1022 1447 1150 1495 coegit
1169 1446 1296 1483 redire
1316 1446 1386 1483 sub
1406 1446 1467 1484 ius
1488 1446 1513 1484 ¹.
1536 1447 1702 1484 Romam
1721 1447 1960 1495 properavit,

1024 1499 1085 1536 ubi
1106 1511 1167 1537 an.
1192 1499 1293 1536 1420
1325 1510 1476 1536 summa
1510 1500 1683 1536 omnium
1716 1500 1959 1537 exultatione

1023 1555 1210 1601 exceptus
1239 1555 1312 1599 est3
1341 1564 1403 1590 an.
1437 1553 1537 1591 1423
1568 1552 1782 1590 secundum
1812 1552 1963 1590 Urbani

1023 1606 1076 1643 VI
1092 1606 1408 1644 constitutionem
1424 1606 1574 1643 Romae
1585 1605 1747 1643 Iubilaei
1765 1605 1964 1654 indulgen-

1022 1659 1116 1696 tiam
1152 1659 1360 1704 concessit3
1379 1659 1515 1696 eodem
1547 1671 1650 1697 anno
1683 1659 1831 1708 legatos
1860 1658 1965 1696 misit

1026 1712 1200 1760 Papiam,
1219 1712 1283 1760 qui
1303 1711 1531 1749 celebrando
1563 1712 1616 1749 ibi
1635 1725 1656 1749 e
1677 1712 1834 1749 decreto
1864 1711 1964 1749 Con-

1024 1765 1247 1803 stantiensis
1265 1765 1403 1814 synodi
1423 1765 1584 1802 concilio
1601 1765 1878 1814 praesiderent,
1899 1765 1965 1802 sed

1024 1818 1140 1868 paulo
1159 1820 1246 1867 post
1260 1820 1419 1867 propter
1437 1818 1783 1867 Transalpinorum
1800 1830 1965 1868 praesu-

1024 1871 1104 1909 lum
1125 1871 1340 1910 absentiam
1359 1873 1400 1908 et
1419 1873 1665 1920 grassantem
1682 1871 1829 1920 Papiae
1848 1870 1966 1920 pesti-

1025 1924 1185 1963 lentiam
1204 1924 1414 1962 concilium
1432 1924 1637 1963 transtulit
1658 1924 1779 1963 Senas
1797 1954 1807 1971 ,
1828 1925 1892 1962 ubi
1912 1924 1965 1961 il-

1025 1978 1093 2016 lud
1112 1978 1182 2016 vix
1202 1979 1383 2027 coeptum
1402 1980 1561 2027 propter
1579 1989 1794 2027 paucorum
1814 1989 1967 2027 praesu-

1025 2031 1109 2070 lum
1130 2031 1389 2081 praesentiam
1409 2035 1448 2068 et
1468 2043 1590 2080 prava
1622 2031 1749 2069 studia
1776 2031 1965 2080 Alphonsi

1027 2085 1130 2134 regis
1148 2084 1367 2133 Aragoniae
1386 2084 1578 2130 dissolvit,
1598 2086 1638 2122 et
1657 2085 1762 2122 aliud
1792 2088 1881 2133 post
1899 2096 1965 2121 se-

1029 2138 1227 2187 ptennium
1259 2137 1438 2175 Basileae
1473 2137 1744 2175 celebrandum
1774 2137 1920 2175 indixit
1938 2135 1969 2181 3;

1029 2191 1209 2237 an.1425‚
1221 2191 1444 2240 postulante
1456 2191 1599 2228 Ioanne
1609 2192 1704 2228 duce
1716 2191 1965 2235 Brabantiae,

1032 2245 1193 2282 Lovanii
1213 2245 1250 2281 in
1271 2244 1405 2293 Belgio
1425 2244 1643 2282 studiorum
1660 2273 1670 2291 ,
1697 2255 1832 2292 nempe
1861 2243 1969 2289 iuris,

1032 2297 1257 2342 medicinae,
1272 2297 1529 2346 psilosophiae
1550 2299 1589 2335 et
1603 2297 1851 2334 scientiarum
1868 2296 1970 2333 Uni-

1031 2351 1259 2388 versitatem
1293 2351 1522 2397 constituit,
1555 2351 1656 2399 quae
1676 2362 1776 2387 anno
1799 2349 1897 2386 1431
1921 2349 1970 2386 ab

1034 2404 1205 2453 Eugenio
1227 2404 1296 2452 Pp.
1318 2404 1372 2441 IV
1393 2415 1508 2442 sacra
1528 2404 1734 2441 Facultate
1754 2401 1972 2451 theologica

1033 2460 1159 2503 aucta,
1178 2457 1234 2495 ita
1252 2456 1397 2503 floruit,
1419 2459 1462 2494 ut
1481 2459 1564 2494 tum
1585 2456 1860 2505 magistrorum
1876 2466 1970 2491 cru-

1032 2511 1178 2548 ditione
1198 2514 1238 2547 et
1259 2510 1483 2547 auditorum
1500 2521 1704 2555 concursu,
1726 2512 1808 2546 tum
1829 2508 1970 2545 doctri-

1032 2576 1104 2601 nae
1124 2564 1352 2612 integritate
1385 2566 1424 2601 et
1457 2563 1683 2612 disciplinae
1717 2560 1969 2599 observantia

1033 2617 1329 2654 celeberrimum
1362 2628 1501 2653 nomen
1535 2617 1572 2652 in
1609 2615 1791 2652 universa
1812 2614 1971 2662 Europa

1034 2672 1239 2708 consecuta
1254 2669 1374 2707 fucrit
1389 2669 1416 2707 ⁴.
1427 2669 1650 2710 —Quidam
1665 2670 1854 2713 asserunt,
1871 2668 1969 2704 tem—

1033 2735 1123 2773 pore
1140 2722 1298 2761 Martini
1314 2723 1351 2760 V·
1365 2722 1519 2760 Bullam
1541 2722 1693 2759 Coenae
1704 2720 1888 2769 coepisse,
1902 2720 1969 2756 sed

1033 2777 1143 2815 falso.
1165 2777 1252 2826 Ipsa
1286 2776 1386 2812 enim
1421 2775 1617 2823 antiquior
1650 2777 1730 2820 est,
1751 2776 1791 2811 et
1810 2776 1969 2821 superat

1034 2834 1188 2879 tempus
1203 2829 1413 2867 Clementis
1428 2828 1477 2875 V,
1493 2828 1558 2876 qui
1578 2826 1733 2865 saeculo
1749 2826 1967 2875 etamplius

1076 2962 1166 2993 ¹AEn.
1182 2959 1311 2999 Sylvius,
1326 2954 1469 2987 Historia
1491 2954 1641 2992 Botzemq
1664 2954 1684 2986 1.
1709 2953 1887 2993 Cochlznus,
1913 2954 1970 2987 Hi-

1032 3003 1133 3034 storia
1163 3000 1393 3035 Hussz'tarum
1425 2996 1522 3027 Natat.
1553 2997 1638 3029 Alex.
1663 2995 1741 3027 Hisc.
1777 2995 1852 3027 eccl.
1884 3006 1967 3029 saec.

1034 3045 1095 3081 XV,
1111 3053 1136 3074 c
1155 3042 1201 3072 11
1218 3039 1370 3070 —2Vid.
1386 3047 1413 3077 p.
1433 3038 1480 3069 71,

1073 3085 1086 3107 ³
1102 3083 1280 3123 Raynaldus
1297 3083 1326 3110 et
1342 3080 1536 3118 spondanus,
1553 3079 1592 3110 ad
1609 3088 1658 3110 an.
1675 3078 1829 3110 1418-21,

1073 3126 1173 3156 ⁴1usz
1197 3123 1338 3161 LipsiuS‚
1361 3120 1579 3152 Lovunizcml
1602 3121 1664 3158 111,
1686 3129 1711 3151 c.
1735 3120 1774 3157 2;
1793 3120 1971 3161 Privileyia

1034 3165 1245 3202 Academiae;
1273 3143 1364 3195 Andr.
1390 3162 1511 3202 valer„
1534 3161 1649 3195 Fuscus
1672 3161 1850 3194 academici
1870 3162 1974 3196 Leva-

1036 3208 1175 3241 nienses.
