2241 3473
202 105 282 143 280

150 177 191 218 la
210 192 234 218 a
251 179 489 218 Normannis
504 177 746 224 interceptus
757 176 828 212 est.
845 175 896 211 Hi
912 174 1116 212 Pontificis

150 233 376 282 praesentia
393 234 433 269 et
449 229 632 278 religiosa
648 227 920 265 exhortatione
935 227 1117 275 permoti,

149 297 296 335 magna
320 296 408 322 cum
439 281 664 320 reveventia
684 280 767 317 eius
787 279 949 316 consilia
969 281 1009 317 et
1028 290 1116 316 mo-

149 338 234 374 nita
254 338 526 385 suseeperunt3
543 333 768 371 Hunfridus
786 343 914 369 comes
931 332 1116 380 Apuliae,

150 390 321 427 Richard
333 400 374 425 us
405 399 532 424 comes
563 387 762 432 Aversae,
792 385 990 433 Rogerius
1014 384 1115 422 Gui-

150 443 312 479 scardus
341 443 380 478 et
401 439 469 477 alii
490 450 627 476 eorum
647 449 829 486 proceres
850 437 1112 475 vassallorum

150 505 257 531 more
276 493 394 530 fidem
415 503 527 530 suam
550 490 734 528 Pontifici
755 491 994 539 obligarunt,
1012 502 1118 527 eum-

151 558 224 595 que
239 545 450 583 honorifice
467 545 741 582 Beneventum
759 544 1040 592 perduxerunt.
1056 543 1113 580 Ex

151 600 223 636 hoe
259 601 434 647 tempore
468 597 689 635 Normanni
727 597 947 634 extiterunt
980 595 1116 632 fideles

153 652 401 700 Apostolicae
421 650 531 687 Sedis
551 649 791 695 defensores,
815 651 855 686 et
873 649 1031 698 Apulia,
1051 648 1118 685 Si-

151 705 256 742 cilia*
279 704 458 752 aliaeque
487 702 626 740 Italiae
654 702 863 750 inferioris]
881 700 1117 750 provinciae,

150 769 248 806 quas
268 757 294 794 ii
314 755 553 805 pedetentim
566 784 575 802 ‚
597 755 720 804 pulsis
748 755 911 792 Graecis
933 756 973 791 et
993 754 1115 791 Sara-

151 809 269 855 cenis,
299 811 556 858 occuparunt,
585 810 781 845 venerunt
810 808 883 845 sub
920 818 1117 845 summum

152 862 368 900 dominium
389 861 638 911 Apostolicae
657 861 814 907 Sedis,a
834 872 912 909 qua
927 860 1118 898 Norman-

152 927 291 953 norum
314 917 432 953 duces
451 914 608 952 illarum
630 914 921 963 provinciarum
945 913 1117 950 investi-

155 973 296 1006 turam
317 970 558 1017 acceperunt
579 965 603 1004 ¹.

210 1021 298 1060 135.
329 1022 562 1070 Africanae
592 1019 800 1057 Ecclesiae
819 1024 954 1056 status
970 1039 1019 1046 —
1037 1018 1118 1055 Eo-

154 1075 245 1112 dem
276 1086 379 1112 anno
412 1074 514 1111 1053
543 1073 623 1110 Leo
645 1073 716 1121 Pp.
738 1072 943 1121 epistolam
965 1070 1120 1119 scripsit

153 1128 202 1166 ad
213 1127 404 1165 Thomam
417 1127 756 1175 archiepiscopum
769 1124 1119 1173 Carthaginensem

153 1180 193 1218 in
214 1180 359 1227 Africa,
379 1181 418 1217 in
440 1191 516 1229 qua
535 1180 623 1218 iura
642 1178 941 1227 metropolitica,
962 1188 1061 1226 quae
1082 1188 1119 1213 e-

155 1234 332 1283 piscopus
362 1233 638 1271 Gummitanus
666 1243 857 1281 usurpare
884 1243 1002 1269 ausus
1022 1232 1119 1276 erat,

156 1286 373 1324 vindicavit
393 1287 638 1336 asseruitque
655 1284 946 1334 archiepiscopo
963 1284 1123 1322 Cartha-

155 1339 320 1388 ginensi,
341 1339 408 1388 qui
437 1339 492 1376 eis
513 1352 536 1376 a
555 1339 693 1389 priscis
714 1338 954 1386 temporibus
975 1337 1121 1386 potitus

156 1391 298 1430 fuerat.
316 1392 463 1430 Eadem
479 1393 670 1430 tractavit
690 1390 876 1429 Pontifex
896 1391 935 1428 in
957 1389 1121 1439 epistola

157 1445 206 1482 ad
235 1445 402 1482 Petrum
422 1447 462 1482 et
481 1445 671 1483 Ioannem
694 1444 891 1493 episcopos
910 1443 950 1480 in
971 1443 1119 1488 Africa,

156 1497 197 1534 in
217 1509 295 1546 qua
315 1497 480 1546 epistola
501 1498 680 1546 deplorat
694 1496 845 1534 tristem
864 1496 1119 1533 ecclesiarum

156 1551 196 1588 in
229 1550 368 1589 Africa
405 1553 552 1588 statum
570 1580 579 1597 ,
609 1550 675 1587 ubi
714 1549 806 1586 olim
844 1549 922 1586 200
958 1551 997 1586 et
1033 1559 1120 1586 am-

155 1603 271 1652 plius,
285 1615 390 1640 nunc
410 1615 504 1641 vero
525 1604 733 1640 dumtaxat
750 1602 786 1648 5,
802 1601 971 1651 episcopi
989 1613 1123 1638 nume-

154 1657 373 1703 rabantur3
412 1659 452 1694 et
487 1656 552 1693 ubi
598 1655 794 1704 quondam
828 1654 1123 1692 innumerabilis

156 1721 268 1758 grex,
298 1721 401 1746 nunc
431 1710 565 1747 autem
595 1707 786 1759 pauculae
815 1719 908 1745 oves
938 1707 1122 1745 invenie-

156 1763 303 1801 bantur
322 1760 349 1801 2.

214 1815 301 1854 136.
333 1816 588 1864 Ber-englarii
619 1815 801 1854 haeresis
826 1835 875 1842 —
902 1815 947 1852 In
983 1813 1122 1851 Galliis

158 1880 253 1906 vero
283 1869 595 1910 sacratissimum
636 1869 835 1917 hucusque
874 1867 913 1904 in
954 1869 1123 1915 utraque

161 1921 353 1968 Ecclesia,
374 1933 518 1970 graeca
538 1924 578 1959 et
598 1921 743 1967 latina,
764 1923 907 1970 dogma
942 1920 990 1957 de
1023 1920 1123 1957 reali

161 1975 343 2023 Corporis
371 1977 411 2012 et
439 1974 648 2023 Sanguinis
670 1974 814 2012 Christi
842 1973 1064 2022 praesentia
1084 1972 1123 2009 in

161 2039 210 2066 SS.
245 2027 496 2065 Eucharistia
529 2027 726 2064 inficiatus
761 2029 821 2065 est
842 2026 1123 2074 Berengarius,

161 2081 361 2118 Ecclesiae
390 2080 688 2129 Andegavensis
719 2079 1041 2125 archidiaconus3
1063 2079 1124 2115 vir

162 2133 301 2171 audaci
321 2136 360 2171 et
380 2133 555 2171 versatili
577 2133 754 2182 ingenio,
774 2145 952 2181 novaque
973 2131 1123 2169 dicendi

161 2186 301 2236 spiritu
332 2186 546 2232 excitatus,
567 2186 867 2224 substantialem
898 2185 1123 2223 conversio-

166 2251 255 2277 nem
285 2240 398 2289 panis
426 2241 466 2276 et
496 2239 576 2276 vini
597 2240 636 2276 in
657 2239 804 2288 Corpus
825 2241 864 2276 et
884 2238 1124 2287 Sanguinem

164 2292 334 2338 Christi,
369 2293 587 2340 horumque
615 2292 763 2330 realem
793 2291 1057 2341 praesentiam
1087 2292 1124 2327 in

163 2357 213 2383 ss.
235 2345 486 2383 Eucliaristia
505 2345 705 2391 reiiciens,
726 2345 945 2391 contendit,
966 2344 1126 2381 Eucha-

162 2398 314 2436 ristiam
336 2409 418 2436 esse
439 2398 564 2435 solum
586 2399 742 2447 signum
763 2410 830 2435 seu
851 2397 1018 2446 figuram
1039 2398 1127 2435 Cor-

163 2452 268 2500 poris
296 2453 338 2489 et
365 2451 576 2499 Sanguinis
606 2451 763 2489 Christi.
794 2451 981 2489 Nonnulli
1016 2450 1125 2488 arbi-

163 2507 344 2550 trantur,
364 2515 455 2541 eum
485 2515 561 2541 non
592 2515 754 2552 negasse
776 2504 924 2542 realem
946 2503 1126 2552 Corporis

164 2559 205 2595 et
233 2556 446 2606 Sanguinis
475 2557 761 2605 praesentiam,
783 2557 848 2594 sed
879 2556 1002 2593 solam
1033 2556 1127 2594 sub-

141 2607 144 2609 ’
164 2610 389 2648 stantialem
412 2609 522 2658 panis
542 2613 582 2646 et
603 2610 684 2647 vini
706 2609 1003 2647 conversionem
1017 2638 1026 2655 ,
1047 2609 1126 2646 sic-

165 2674 241 2710 que
263 2662 439 2700 docuisse
459 2673 646 2707 errorem,
667 2662 732 2711 qui
755 2662 980 2711 appellatur
1001 2663 1127 2711 impa-

166 2717 374 2762 natz'om‘s3
392 2718 432 2753 at
452 2715 546 2753 illud
564 2715 774 2753 difficulter
789 2715 1024 2751 conciliatur
1039 2726 1126 2751 cum

166 2768 323 2817 scriptis
342 2780 490 2814 eorum,
511 2769 575 2817 qui
597 2768 824 2817 Berengarii
843 2768 1060 2805 doctrinam
1080 2768 1128 2804 ab

170 2820 281 2857 initio
301 2820 570 2869 confutarunt,
591 2823 678 2859 cum
701 2821 798 2859 actis
818 2821 1072 2869 synodorum,
1091 2821 1128 2857 in

167 2873 308 2922 quibus
320 2874 404 2912 eius
424 2886 577 2913 errores
598 2875 844 2913 condemnati
861 2876 967 2921 sunt,
982 2877 1127 2911 etcum

860 111 1022 138 EPOCHA
1049 110 1104 137 VI.
1137 110 1165 136 A
1193 110 1352 137 GAROLO
1380 110 1424 137 M.

1159 174 1279 223 ipsius
1299 173 1528 222 Berengarii
1551 174 1704 212 litteris.
1726 175 1845 212 Forte
1872 175 1911 212 id
1933 174 2118 223 provenit

1162 239 1184 263 a
1204 227 1380 264 versatili
1402 226 1604 264 novatoris
1624 227 1793 275 ingenio,
1805 240 1907 265 nunc
1926 229 1998 265 hoc
2014 239 2118 264 nunc

1160 279 1256 316 illud
1277 280 1531 316 adstruentis.

1215 332 1340 373 Quum
1365 331 1533 380 primum
1549 332 1782 380 Berengarii
1804 333 1981 370 doctrina
2001 332 2119 370 inno-

1161 385 1252 429 tuit,
1274 384 1585 422 Christianorum
1605 386 1777 422 omnium
1808 396 1922 423 aures
1943 385 2118 430 offendit,

1161 449 1183 473 a
1199 437 1295 474 viris
1315 437 1482 474 eruditis
1501 436 1704 474 confutata
1724 442 1764 474 et
1783 449 1807 474 a
1822 438 1910 475 RR.
1925 435 2122 475 Pontifici-

1160 491 1232 527 bus
1253 493 1292 528 et
1313 490 1505 538 episcopis
1525 490 1564 526 in
1584 490 1745 538 synodis
1766 491 1952 527 damnata
1970 490 2056 527 fuit.
2077 490 2122 527 In

1161 542 1296 592 primis
1318 543 1536 580 Adelmann
1544 554 1600 588 us,
1616 543 1867 580 scholasticus
1883 541 2122 588 Leodiensis‚

1161 598 1297 644 postea
1326 596 1527 644 episcopus
1558 595 1794 640 Brixiensis,
1814 595 2011 643 quondam
2040 595 2121 632 Be-

1161 648 1336 698 rengarii
1365 649 1436 685 sub
1466 648 1655 685 Fulberto
1685 648 1876 696 magistro
1905 649 2056 693 socius,
2083 648 2124 684 et

1161 702 1277 750 Hugo
1307 701 1508 750 episcopus
1537 701 1937 750 Lingonensis„datis
1965 700 2015 738 ad
2040 700 2122 737 Be-

1162 754 1387 803 rengarium
1408 754 1537 802 ipsum
1558 754 1747 803 epistolis,
1767 764 1919 791 errores
1938 753 2021 790 eius
2039 764 2126 790 con-

1162 808 1357 853 futarunt,
1396 807 1631 844 catholicam
1675 807 1894 844 doctrinam
1934 806 2123 843 defende-

1159 863 1266 905 runt,
1288 871 1460 908 eumque
1481 860 1529 896 ad
1550 861 1753 897 saniorem
1774 862 1944 896 mentem
1975 858 2122 896 hortati

1160 918 1251 950 sunt
1272 911 1295 949 ¹.
1320 911 1565 949 Lanfrancus
1592 913 1803 950 monachus
1823 911 2042 958 Beccensis,
2064 922 2126 959 po-

1160 968 1245 1004 stea
1274 965 1591 1013 archiepiscopus
1626 965 1935 1009 Cantuariensis,
1955 966 2043 1002 tum
2062 964 2125 1001 di-

1159 1018 1381 1068 sputatione
1401 1022 1486 1055 tum
1507 1019 1656 1066 scripto
1677 1017 1908 1066 Berengarii
1930 1017 2126 1055 haeresim

1161 1071 1352 1109 refutavit
1373 1069 1399 1108 2.
1426 1071 1685 1108 Theoduinus
1709 1071 1911 1120 episcopus
1931 1070 2126 1107 Leodien-

1159 1125 1225 1170 sis‚
1247 1121 1483 1162 catholicum
1506 1124 1648 1172 dogma
1670 1124 1717 1161 de
1739 1123 1839 1161 reali
1860 1122 2084 1172 praesentia
2103 1133 2124 1158 e

1163 1178 1327 1215 Patrum
1349 1176 1555 1214 sententiis
1572 1177 1686 1214 docte
1699 1176 1893 1214 stabilivit
1907 1176 1946 1213 in'
1965 1175 2129 1224 epistola

1161 1231 1210 1268 ad
1232 1230 1445 1268 Henricum
1467 1241 1605 1278 regem
1618 1229 1862 1267 Francorum
1883 1229 1910 1268 ³.
1932 1229 2130 1268 Witmun-

1162 1285 1234 1321 dus
1254 1295 1319 1320 seu
1337 1283 1618 1329 Guitmundus,
1637 1295 1657 1320 e
1680 1283 1872 1320 monacho
1893 1294 1922 1320 s.
1941 1280 2128 1334 Leufredi

1166 1336 1387 1375 Cardinalis
1404 1336 1607 1385 episcopus
1622 1336 1975 1381 Aversanus,idem
1987 1335 2131 1384 dogma

1166 1393 1305 1427 contra
1336 1388 1566 1437 Berengarii
1597 1400 1752 1426 errores
1782 1388 1955 1426 defendit
1982 1388 2021 1425 in
2042 1392 2130 1425 tra-

1164 1445 1272 1480 ctatu
1294 1442 1341 1479 de
1363 1453 1525 1490 corpore
1543 1443 1582 1479 et
1597 1442 1788 1491 sanguine
1805 1441 1961 1479 Domini
1982 1439 2010 1478 ⁴.
2027 1440 2132 1478 Post

1164 1496 1234 1533 hos
1270 1495 1461 1532 adversus
1496 1495 1675 1532 eumdem
1696 1494 1981 1543 Berengarium
2006 1493 2129 1542 Alge-

1163 1560 1255 1593 rus,
1285 1548 1497 1585 canonicus
1527 1549 1566 1584 et
1596 1548 1853 1586 scholasticus
1886 1545 2128 1592 Leodiensis‚

1164 1601 1321 1650 scripsit
1350 1600 1471 1637 libros
1490 1600 1515 1637 3
1537 1601 1582 1637 de
1603 1600 1869 1638 Sacramentis
1891 1599 2072 1649 Corporis
2092 1602 2133 1635 et

1166 1653 1378 1702 Sanguinis
1407 1653 1561 1690 Domini
1582 1651 1608 1691 ⁵.
1639 1655 1713 1691 An.
1746 1653 1848 1692 1050
1877 1654 1957 1691 Leo
1977 1653 2050 1702 Pp.
2073 1647 2132 1689 IX

1166 1708 1206 1744 in
1226 1708 1409 1744 Romana
1429 1705 1719 1744 etVercellensi
1737 1707 1895 1756 synodis
1912 1706 2132 1744 doctrinam

1168 1759 1404 1808 Berengarii
1426 1759 1643 1806 damnavit,
1663 1772 1752 1796 eum
1774 1760 2028 1797 anathemate
2048 1767 2134 1807 per-

1167 1813 1274 1857 culit,
1297 1814 1337 1849 et
1357 1812 1502 1849 librum
1523 1812 1628 1849 Ioan.
1652 1813 1857 1861 Erigenae,
1874 1824 1948 1861 quo
1969 1811 2035 1849 ille
2051 1810 2134 1859 glo·

1165 1867 1366 1911 riabatur,
1387 1865 1468 1914 igni
1489 1865 1666 1903 tradidit.
1687 1866 1835 1903 Eodem
1855 1878 1959 1903 anno
1979 1865 2019 1902 in
2040 1875 2135 1901 con-

1166 1922 1287 1957 ventu
1316 1917 1517 1955 Brienensi
1539 1918 1809 1968 Berengarius
1836 1921 1919 1957 tam
1948 1917 2132 1956 luculen-

1166 1974 1228 2010 ter
1243 1971 1468 2008 confutatus
1488 1973 1560 2017 est,
1576 1974 1619 2008 ut
1631 1972 1741 2020 quasi
1759 1971 1928 2021 elinguis
1944 1971 2133 2008 Ioannem

1169 2025 1384 2073 Erigenam
1424 2024 1586 2071 eiusque
1639 2036 1792 2062 errores
1839 2024 2047 2062 damnarit.
2086 2023 2132 2060 In

1170 2089 1316 2126 magna
1344 2078 1478 2113 autem
1507 2077 1658 2126 synodo
1679 2078 1972 2127 episcoporum,
1994 2077 2133 2114 docto-

1167 2142 1253 2167 rum
1283 2134 1322 2167 et
1351 2140 1572 2178 procerum,
1594 2131 1731 2168 eodem
1753 2143 1854 2168 anno
1874 2130 2038 2168 Parisiis
2057 2130 2136 2166 ha-

1169 2184 1261 2230 bita,
1282 2194 1359 2219 non
1382 2185 1537 2219 tantum
1560 2184 1824 2233 Berengarius
1850 2185 1964 2233 eique
1984 2183 2134 2220 adhae-

1168 2241 1299 2274 rentes
1334 2236 1511 2273 damnati
1546 2239 1648 2283 sunt,
1669 2238 1739 2274 sed
1775 2238 1892 2275 ctiam
1921 2239 2130 2280 statutum,

1170 2292 1213 2327 ut
1242 2291 1396 2326 armata
1425 2300 1555 2336 manu,
1577 2290 1608 2327 si
1638 2301 1797 2328 necesse
1818 2290 1934 2337 foret,
1955 2288 2131 2327 haeresis

1169 2343 1439 2390 extirparetur
1458 2340 1484 2379 ⁶.

1223 2396 1284 2433 Ex
1303 2396 1376 2432 hoc
1395 2398 1573 2443 tempore
1596 2396 1865 2445 Berengarius
1886 2395 2027 2434 minori
2047 2393 2132 2444 qui-

1170 2449 1257 2486 dem
1277 2448 1444 2486 audacia
1463 2448 1532 2485 sed
1550 2448 1688 2485 maiori
1705 2450 1854 2487 astutia
1869 2461 2022 2487 errores
2038 2459 2130 2486 suos

1170 2502 1296 2539 tuitus
1317 2503 1389 2538 est.
1411 2500 1662 2550 Quapropter
1681 2502 1819 2541 Victor
1839 2503 1909 2553 Pp.
1930 2503 1967 2541 11
1984 2532 1994 2551 ‚
2028 2501 2130 2539 Leo-

1218 2657 1226 2678 ¹
1246 2653 1429 2687 Adelmanni
1460 2654 1593 2693 epistola
1620 2657 1703 2686 extat
1727 2655 1756 2686 in
1781 2653 1936 2687 Biblioth.
1960 2653 2034 2685 ΡΡ.
2058 2656 2129 2684 tom.

1172 2698 1283 2735 XVIll,
1300 2707 1327 2736 p.
1345 2695 1422 2732 4383
1441 2696 1576 2734 Epistola
1601 2706 1655 2726 seu
1680 2698 1844 2727 Tractznus
1861 2697 2000 2736 liugonis
2024 2695 2054 2725 in
2072 2704 2132 2734 ap-

1172 2740 1301 2789 pendice
1318 2739 1355 2768 :ul
1370 2738 1474 2777 Opera
1497 2738 1671 2776 Lanl'ranci;
1686 2739 1799 2778 Migne,
1813 2737 1870 2770 loc.
1884 2740 1938 2770 cil.
1955 2741 1976 2768 t.
1991 2736 2088 2768 extu
2106 2739 2135 2766 et

1173 2781 1381 2866 “xefflilliellns
1405 2819 1442 2851 (le
1466 2828 1604 2860 corpore
1626 2821 1656 2851 et
1683 2820 1843 2861 sanquine
1858 2819 1996 2851 Domini
2013 2818 2044 2850 ἱη
2061 2817 2130 2851 Eu-

1172 2863 1505 2943 ellilllntvpliiilMabillon,
1523 2902 1664 2933 Analecl.
1683 2906 1705 2934 l.
1720 2903 1765 2938 lv,
1783 2912 1811 2942 p.
1828 2901 1897 2934 396.
2070 2939 2073 2942 .

1214 2946 1273 2996 ⁴.¹.¹¹
1300 2944 1450 2992 Ilibli'ullz.
1478 2945 1535 2975 ΡΙ).
1562 2948 1582 2976 t.
1612 2944 1716 2983 xvim
1740 2944 1858 2984 Migne,
1878 2942 2004 2975 Patrol.
2023 2941 2133 2974 Latin.

1175 2990 1193 3017 ι’
1213 2987 1444 3058 ἓῗῑιῆξιῇιίἰιιιίιις
1468 3026 1572 3063 edidit,
1597 3026 1728 3057 adiectis
1754 3026 1834 3057 nolis
1859 3025 2098 3066 etpraesatione
2116 3023 2139 3054 1.

210 3073 219 3093 ¹
239 3073 364 3105 wibert.
389 3073 456 3107 Vua
471 3085 500 3107 3.
515 3075 627 3108 Leonis
644 3069 705 3114 IX;
722 3072 876 3107 Barouius
893 3076 922 3105 et
936 3073 1012 3113 Pagi
1029 3072 1066 3103 ad
1081 3081 1130 3104 an.
1176 3069 1206 3099 B.
1223 3070 1332 3105 Mulon,
1348 3069 1376 3099 in
1392 3067 1623 3099 Univurmtatli.
1638 3066 1852 3106 hovampros„
1866 3071 1978 3106 postea
1994 3067 2047 3106 Ep.
2068 3066 2140 3097 Bru·

214 3113 288 3136 r0,r

171 3113 329 3195 1οξᾎὸῗᾶ
347 3156 460 3197 Labhe,
479 3157 598 3190 Concil.
618 3161 637 3190 t.
655 3158 704 3196 lx,
723 3167 751 3198 p.
770 3156 921 3197 9727975.

1176 3111 1293 3149 gensis,
1312 3110 1434 3140 {lovanii
1454 3108 1546 3145 ¹811st
1565 3109 1664 3147 Mignc
1682 3109 1738 3140 luc.
1754 3109 1806 3140 cil.
1825 3112 1843 3140 t.
1858 3109 1997 3140 chxx.

1206 3152 1219 3173 G
1237 3151 1350 3193 Labbr,
1369 3149 1487 3182 Concil.
1507 3153 1533 3182 l.
1547 3149 1595 3188 lX,
1612 3159 1640 3189 p.
1659 3149 1806 3183 1052430.
