2241 3473
604 198 729 229 VSQVE
756 198 808 225 AD
835 184 1145 226 CONVERsxoinM
1173 198 1436 227 CONSTANTINI
1463 199 1506 226 M.

52 261 283 301 matrimonii
295 272 403 299 usum
415 261 493 299 suis
504 261 865 311 proliibebat.Vetus
875 261 1006 299 Testa-

52 318 222 354 mentum
241 318 365 353 totum
386 315 542 361 reiecit,
559 327 579 352 e
591 315 701 352 Novo
716 316 868 352 tantum
880 314 1005 352 Evan-

51 368 194 418 gelium
214 380 243 406 s.
264 368 392 406 Lucae
414 372 452 406 et
472 369 601 406 docem
618 367 798 416 epistolas
816 367 859 404 D.
879 367 1003 413 Pauli,

51 421 117 460 sed
139 433 260 470 neque
280 421 372 458 illud
403 434 526 471 neque
546 422 613 459 has
639 421 811 469 integras
838 420 1000 458 admisit.

51 474 327 523 Episcoporum
341 479 378 512 et
394 476 636 513 sacerdotum
648 473 904 510 hierarchiam
919 485 1003 510 con-

50 527 245 574 servavit3
266 540 339 577 quo
360 527 504 566 factum
526 532 604 574 est,
626 530 669 564 ut
689 529 791 564 secta
813 537 931 574 usque
953 528 1001 564 ad

50 591 148 618 saec.
166 580 220 618 VI
240 581 474 630 perdurarit,
491 581 667 629 quamvis
688 580 904 616 domesticis
925 580 1001 618 dis-

50 633 286 671 sensionibus
306 634 345 671 in
363 634 490 683 plures
510 633 694 671 factiones
715 632 837 682 divisa
856 631 881 669 ¹.

105 686 164 725 19.
186 686 226 725 S.
250 687 405 725 Iuste'nz'
432 689 561 734 Opera
581 707 628 714 -
650 685 802 730 Contra,
830 696 859 722 s.
885 685 1000 722 Iusti-

51 751 141 787 nus,
170 739 416 789 philosophus
445 739 630 786 eximius,
659 738 767 776 cuius
796 738 906 776 initia
934 750 1000 775 su-

51 804 121 842 pra
148 793 316 830 vidimus
335 790 363 839 2,
383 805 455 830 non
485 793 607 830 solum
628 793 666 829 in
687 794 865 840 suscepta
885 791 998 828 Reli-

49 846 162 894 gione
182 848 404 883 constanter
423 845 712 894 perseveravit,
732 845 797 882 sed
819 856 905 881 eam
926 844 997 881 ad-

50 910 184 936 versus
204 898 383 945 Iudaeos,
404 899 575 936 ethnicos
595 901 634 936 et
654 898 870 936 haereticos
892 909 998 946 egre-

49 951 111 1000 gie
131 950 311 998 defendit,
325 954 438 1000 atque
458 953 627 989 moribus
644 951 722 988 suis
737 951 998 999 integerrimis

50 1006 270 1042 constanter
295 1005 590 1042 commendavit.
613 1004 733 1042 Plura
752 1015 820 1053 per
847 1004 998 1051 Asiam,

50 1057 254 1095 Graeciam
273 1060 312 1096 et
333 1058 487 1096 Italiam
507 1058 648 1096 itinera
667 1057 781 1103 fecit,
802 1058 840 1094 in
861 1057 998 1106 q-uibus

50 1109 195 1148 nullam
217 1111 458 1149 occasionem
472 1111 739 1161 propugnandi
757 1110 897 1148 Christi
914 1111 999 1148 doc-

48 1163 192 1202 trinam
220 1164 489 1213 praetermisit.
519 1164 770 1213 Multiplicem
799 1164 880 1201 eius
909 1176 996 1202 eru-

49 1216 249 1263 ditionem,
268 1229 419 1255 sacram
433 1248 442 1264 ,
461 1217 762 1267 philosophicam
782 1219 819 1255 ct
838 1217 997 1255 histori-

50 1281 134 1307 cam
161 1272 353 1309 testantur
380 1271 522 1320 scripta
538 1301 548 1318 ,
576 1283 674 1320 quae
701 1270 867 1319 reliquit.
898 1271 999 1309 Sunt

49 1335 95 1360 ea
113 1324 254 1372 partim
275 1325 528 1374 apologetica,
548 1324 690 1373 partim
710 1325 918 1373 polemica3
937 1324 996 1361 ni-

49 1375 188 1414 mirum
216 1378 314 1415 duae
333 1379 574 1427 Apoloyz'ae,
595 1378 639 1415 de
658 1377 777 1426 priori
797 1377 876 1414 iam
897 1377 997 1414 dixi-

49 1441 133 1467 mus
147 1427 174 1477 ³‚
191 1431 236 1468 de
255 1431 457 1480 posteriori
476 1430 580 1468 infra
599 1431 780 1468 dicemus:
797 1431 997 1479 Dz'aloyas

50 1493 143 1520 cum
180 1483 383 1533 Triphone
416 1485 558 1522 Iudaeo
574 1514 583 1530 ,
618 1484 656 1521 in
693 1496 766 1534 quo
799 1483 997 1533 religionis

52 1536 282 1575 christianae
311 1538 518 1576 veritatem
547 1538 733 1575 adversus
763 1538 923 1575 Iudaeos
961 1540 1000 1574 et

50 1590 206 1638 proinde
229 1590 401 1628 maxime
420 1603 440 1628 e
460 1591 652 1629 vaticiniis
673 1591 719 1628 V.
741 1591 785 1628 T.
806 1590 996 1640 probavit:

50 1643 296 1680 Eaehortat2·o
316 1644 369 1681 ad
400 1649 541 1692 yentes
578 1656 645 1682 seu
683 1644 912 1681 Paraenesis
950 1644 997 1681 ad

52 1695 234 1742 Graecos,
249 1709 325 1745 qua
345 1697 484 1742 docuit,
501 1708 635 1735 veram
655 1697 901 1746 Religionem
917 1709 998 1734 esse

51 1748 302 1787 hauriendam
318 1762 392 1787 non
413 1762 434 1787 e
452 1750 762 1799 philosophorum
779 1753 847 1788 aut
862 1752 997 1799 poeta-

52 1812 151 1848 rum,
170 1802 235 1840 sed
251 1803 534 1852 Prophetarum
554 1803 718 1852 scriptis,
735 1816 755 1840 e
775 1803 913 1852 quibus
928 1803 999 1852 ipsi

52 1854 475 1894 ethnicidesumserunt
495 1857 676 1906 quidquid
698 1858 743 1894 de
761 1857 841 1894 Deo
862 1858 997 1894 rebus-

51 1919 124 1956 que
139 1908 278 1947 divinis
295 1909 434 1948 rectius
453 1910 633 1948 dixerint:
651 1909 782 1948 Oratio
803 1910 855 1946 ad
879 1911 1000 1947 Grae-

50 1972 113 1998 cos
131 1973 198 1999 seu
218 1963 392 2011 gentiles,
413 1975 488 2012 qua
507 1975 641 2001 causas
657 1963 844 2012 exposuit,
861 1963 998 2011 quibus

49 2016 184 2052 motus-
195 2015 243 2052 ab
258 2016 412 2054 ethnica
427 2017 475 2054 ad
491 2016 739 2055 christianam
754 2016 998 2065 Religionem

50 2067 259 2106 transierit:
279 2069 395 2106 Liber
421 2069 468 2107 cle
496 2070 740 2107 monarchia
767 2081 834 2106 seu
855 2070 903 2106 de
926 2070 1002 2107 Dei

49 2122 233 2167 unitate,
253 2133 368 2170 quam
397 2134 445 2160 ex
473 2123 564 2172 ipsis
585 2124 823 2161 Graecorum
842 2122 1000 2171 scripto-

50 2172 153 2211 ribus
182 2175 453 2225 propugnavit:
474 2176 645 2226 Epistola
674 2177 726 2214 ad
750 2177 998 2225 Diognetum

51 2226 245 2264 ethnicum
265 2227 398 2278 (quam
417 2232 548 2267 tamen
572 2229 745 2267 nonnulli
767 2230 912 2267 Iustino
932 2230 997 2267 ab·

51 2278 259 2331 iudicant),
279 2281 318 2319 in
338 2294 413 2331 qua
442 2283 489 2320 ad
508 2283 609 2320 illius
629 2283 872 2332 quaestiones
885 2313 894 2329 ,
914 2282 998 2332 quis

51 2331 229 2383 sittDeus
257 2335 575 2383 christianorum,
597 2339 636 2374 et
655 2348 729 2384 quo
758 2337 899 2374 amoris
919 2336 999 2374 vin-

52 2385 136 2423 culo
155 2386 194 2424 hi
214 2388 508 2437 coniungantur,
527 2390 725 2439 respondit
744 2389 772 2428 ⁴.

104 2439 166 2477 20.
188 2440 229 2477 S.
250 2441 506 2491 Polycarpus
525 2448 563 2480 et
581 2444 797 2492 Papz'as—
817 2442 915 2480 Divo
936 2442 998 2480 Iu-

53 2492 154 2529 stino
179 2496 306 2531 aetate
326 2496 506 2544 aequales
525 2499 616 2534 sunt
635 2508 663 2534 s.
686 2497 926 2545 Polycarpus
939 2526 947 2542 ,
968 2508 996 2533 s,

53 2545 204 2583 Ioannis
232 2548 392 2596 apostoli
421 2549 630 2598 discipulus
657 2552 696 2588 et
715 2551 762 2587 ab
783 2562 828 2587 eo
848 2549 998 2599 episco-

52 2609 123 2647 pus
142 2598 327 2637 ecclesiae
347 2601 590 2650 Smyrnensis
609 2603 861 2649 constitutus,
883 2605 998 2651 atque

53 2651 216 2700 Papias,
238 2653 434 2703 episcopus
462 2656 777 2705 Hierapolitanus
805 2657 844 2693 in
866 2656 998 2704 Phry-

52 2704 127 2753 gia.
148 2705 179 2742 E
198 2705 374 2754 pluribus
394 2708 574 2756 epistolis,
593 2721 687 2757 quas
707 2722 734 2748 s.
757 2710 998 2759 Polycarpus

53 2757 100 2794 de
127 2758 242 2796 rebus
271 2759 481 2809 Religionis
500 2762 672 2811 scripsit,
693 2763 805 2800 unica
825 2764 999 2811 superest

53 2810 108 2847 acl
118 2811 394 2861 Philippenses
414 2813 515 2861 data,
526 2815 563 2852 in
583 2827 659 2864 qua
677 2817 915 2863 Christianis,
932 2828 999 2865 pro

53 2865 188 2910 status,
203 2877 318 2902 sexus
337 2869 376 2904 et
396 2868 534 2906 aetatis
547 2869 782 2916 diversitate,
797 2872 1000 2919 praecepta

54 2916 165 2966 plura
191 2919 331 2966 tradit3
360 2919 397 2956 in
426 2921 640 2960 haereticos
667 2925 834 2986 gnostici
849 2922 999 2973 generis

94 3010 103 3031 ¹
120 3011 148 3041 S.
166 3012 259 3049 iren„
276 3013 294 3044 1.
311 3012 333 3050 Ι,
351 3022 375 3043 c.
393 3013 447 3050 ⁶39;
465 3014 650 3052 Tertullian„
667 3017 696 3046 L.
714 3016 786 3047 adv.
808 3015 995 3054 Marcion,

55 3058 80 3082 S.
95 3053 254 3126 {piphagg
270 3053 405 3086 Haeres.
418 3054 472 3094 48,
490 3056 680 3095 Theodoret.‚
696 3056 754 3097 Op.
768 3057 817 3089 cit.
831 3058 848 3088 l.
863 3058 899 3096 II,
911 3067 935 3088 c.
947 3056 995 3088 ⁶24.

147 3104 163 3123 a
191 3119 196 3125 .
255 3119 261 3124 .

94 3133 108 3155 ³
123 3101 198 3167 lbiff.

95 3175 109 3197 4
124 3176 273 3215 Optimam
289 3179 451 3210 editionem
466 3180 597 3219 Operum
614 3181 645 3210 D.
662 3180 765 3210 lustini
790 3181 907 3211 curavit
928 3182 997 3211 Ma-

56 3223 122 3254 ran,
139 3218 247 3258 congr.
264 3228 288 3250 s.
306 3221 413 3259 Mauri,
426 3222 521 3252 Paris.
538 3221 790 3259 '1742‚in-soi.,iu
806 3223 891 3252 cuius
903 3223 994 3254 Prae-

58 3257 168 3290 satione
183 3260 262 3293 idem
278 3263 342 3302 agit
358 3263 394 3294 de
410 3264 534 3303 scriptis
552 3272 576 3294 s.
593 3263 707 3294 Iustino
723 3263 900 3302 suppositis.

1892 189 1941 227 41

1047 262 1265 308 invehitur;
1285 262 1332 299 ad
1361 261 1587 311 patientiam
1615 263 1654 300 et
1682 262 1936 300 constantiam
1955 263 1993 300 in

1046 314 1335 361 afflictionibus,
1356 318 1472 363 atque
1501 316 1548 353 ad
1578 326 1710 364 preces
1730 327 1797 364 pro
1818 315 1995 364 regibus,

1047 368 1280 416 principibus
1299 370 1337 406 ct
1356 368 1520 406 inimicis
1541 369 1720 406 hortatur
1738 367 1761 405 ¹.
1780 367 1890 406 Hanc
1911 369 1995 418 epi-

1045 420 1184 458 stolam
1204 432 1286 458 esso
1305 421 1536 470 genuinam,
1557 421 1739 470 quidquid
1760 421 1996 470 obganniant

1044 473 1331 511 Centuriatorcs
1351 473 1704 524 Magdeburgcnses
1724 476 1763 512 ct
1778 474 1857 519 alii,
1874 486 1893 511 e
1910 475 1996 512 cha-

1043 526 1260 564 racteribus
1289 527 1369 565 eius
1400 528 1558 565 internis
1577 531 1617 566 et
1635 540 1684 566 ex
1704 527 1992 575 antiquissimo-

1044 591 1129 616 rum
1157 580 1320 616 Patrum
1354 580 1585 618 testimoniis
1614 581 1796 630 probatur
1815 578 1839 617 ⁹².
1870 580 1926 618 De
1946 580 1991 618 D.

1043 632 1249 681 Polycarpi
1270 644 1355 669 cum
1368 633 1528 670 Aniceto
1545 646 1642 682 papa
1663 632 1867 682 colloquio,
1887 633 1991 671 eius-

1043 696 1116 733 que
1136 685 1324 733 martyrio
1344 685 1446 722 infra
1475 686 1655 724 dicemus.
1673 686 1814 735 Papias
1842 686 1994 735 scripsit

1042 738 1157 775 libros
1177 737 1342 786 quinque
1363 738 1421 776 De
1442 740 1776 787 interpretatione
1804 739 1993 776 oraculo·
2031 772 2033 774 .

1042 801 1137 828 rum
1158 801 1228 827 seu
1247 802 1480 828 sermonum
1501 792 1822 839 Domz'nz'cormn,
1844 792 1882 829 in
1904 792 1993 841 qui-

1041 843 1111 881 bus
1131 843 1273 881 Christi
1291 846 1331 881 et
1346 843 1616 892 Apostolorum
1637 845 1739 882 dicta
1759 847 1798 882 ct
1817 847 1926 894 gesta
1945 857 1993 883 ex

1042 896 1213 933 oralibus
1241 897 1435 934 seniorum
1456 896 1713 935 *relationibus
1733 898 1907 947 collegit3
1927 899 1994 936 sed

1042 961 1175 986 eorum
1203 952 1356 987 tantum
1386 950 1576 999 quaedam
1605 949 1824 1000 fragmenta
1856 963 1994 1001 super-

1040 1005 1130 1040 sunt
1151 1000 1176 1040 3.

1091 1055 1153 1093 21.
1176 1055 1248 1092 Lis
1267 1055 1315 1092 de
1335 1056 1475 1104 Reyno
1503 1056 1736 1094 millenario
1755 1077 1803 1084 —
1819 1056 1891 1094 Hic
1920 1057 1994 1095 Pa-

1040 1109 1121 1157 pias
1140 1120 1162 1146 a
1182 1120 1273 1146 vero
1294 1109 1491 1147 aberravit
1510 1109 1548 1145 in
1568 1109 1632 1156 iis,
1653 1120 1752 1158 quae
1773 1110 1927 1159 scripsit
1947 1111 1993 1148 de

1040 1161 1246 1199 Chiliasmo
1263 1173 1329 1199 seu
1343 1173 1462 1211 regno
1475 1162 1692 1200 millenario
1709 1162 1897 1201 iustorum
1909 1175 1996 1200 cum

1039 1214 1187 1253 Christo
1206 1215 1245 1252 in
1267 1214 1380 1252 terris
1401 1218 1486 1263 post
1506 1227 1709 1264 corporum
1740 1216 1995 1254 resurrectio-

1041 1280 1137 1306 nem.
1160 1268 1351 1305 Eumdem
1380 1280 1552 1306 errorem
1572 1269 1745 1306 nonnulli
1769 1269 1835 1307 alii
1856 1269 1996 1307 Patres

1039 1321 1287 1359 admiserunt.
1306 1321 1400 1358 Eius
1420 1321 1526 1370 origo
1546 1322 1801 1370 probabiliter
1822 1322 1995 1360 derivan-

1039 1374 1088 1412 da
1117 1377 1174 1413 est
1203 1387 1223 1412 e
1253 1375 1722 1413 Iudaeo-christianorum
1748 1375 1994 1424 conceptibus

1039 1428 1085 1465 de
1105 1430 1259 1465 terreno
1280 1427 1444 1465 Messiae
1465 1439 1600 1477 regno,
1621 1429 1684 1477 qui
1707 1429 1931 1475 effecerunt,
1951 1431 1997 1466 ut

1037 1481 1123 1519 loca
1141 1480 1397 1530 Apocalypsis
1417 1493 1445 1518 s.
1468 1481 1642 1528 Ioannis,
1662 1482 1800 1530 quibus
1820 1482 1996 1519 diabolus

1039 1546 1108 1583 per
1135 1534 1239 1572 mille
1270 1545 1389 1572 annos
1418 1534 1633 1583 alligandus
1669 1537 1709 1573 et
1737 1535 1869 1573 Sancti
1907 1547 1996 1572 cum

1039 1587 1189 1626 Christo
1218 1587 1420 1636 regnaturi
1441 1587 1625 1625 dicuntur
1643 1617 1652 1635 ,
1673 1588 1722 1625 ad
1741 1588 1914 1626 litteram
1933 1587 1996 1625 in-

1038 1640 1322 1690 telligerentur.
1344 1641 1492 1678 Tamen
1512 1641 1657 1689 Papiae
1679 1644 1718 1679 et
1739 1641 1906 1678 aliorum
1926 1641 1996 1678 ali-

1041 1697 1134 1741 quot
1153 1695 1316 1731 Patrum
1344 1694 1416 1730 hac
1434 1693 1473 1730 in
1494 1705 1536 1730 re
1556 1705 1665 1731 error
1684 1693 1796 1743 longe
1818 1694 1996 1731 diversus

1041 1749 1126 1784 erat
1141 1747 1188 1784 ab
1204 1758 1335 1784 errore
1347 1746 1683 1784 Cerinthianorum
1698 1747 1996 1794 haereticorum,

1042 1800 1087 1837 de
1107 1800 1244 1849 quibus
1264 1811 1379 1848 supra
1399 1799 1631 1837 mentionem
1651 1800 1811 1838 fecimus
1833 1799 1860 1838 4.
1883 1800 1931 1837 Hi
1953 1812 1996 1837 e-

1043 1853 1121 1890 nim
1142 1853 1295 1901 nuptias
1315 1857 1354 1890 et
1372 1852 1609 1901 promiscuas
1630 1853 1851 1902 voluptates
1872 1864 1916 1889 ac
1937 1853 1997 1890 de-

1040 1906 1161 1952 licias,
1182 1906 1237 1942 illi
1256 1917 1350 1943 vero
1372 1905 1470 1942 nihil
1490 1905 1561 1943 nisi
1579 1908 1757 1944 sanctum
1773 1908 1812 1944 et
1828 1905 1996 1943 maxime

1041 1959 1245 1996 honestum
1271 1958 1311 1995 in
1339 1970 1457 2007 regno
1487 1958 1705 1996 millenario
1726 1959 1995 1997 admittebant.

1040 2012 1252 2050 Praeterea
1292 2011 1423 2060 plures
1465 2023 1485 2048 e
1528 2012 1714 2050 Patribus
1747 2012 1997 2050 Chiliasmum

1040 2064 1182 2114 scripto
1211 2064 1472 2102 confutarunt.
1494 2065 1537 2102 Id
1566 2065 1605 2102 in
1634 2065 1768 2114 primis
1787 2076 1927 2103 versus
1946 2065 1996 2103 fi-

1041 2131 1129 2155 nem
1148 2118 1265 2156 huius
1286 2118 1431 2155 saeculi
1452 2117 1544 2156 fecit
1565 2119 1695 2164 Caius,
1716 2119 1918 2156 Romanae
1938 2131 1996 2156 ec-

1041 2172 1180 2209 clesiae
1201 2172 1425 2220 presbyter,
1444 2171 1662 2209 eruditione
1683 2174 1722 2209 et
1741 2172 1891 2221 scriptis
1910 2172 1994 2210 cla-

1042 2237 1118 2271 rus,
1139 2225 1204 2274 qui
1224 2224 1415 2273 singulari
1435 2224 1533 2262 libro
1555 2225 1804 2262 Chiliasmum
1820 2225 1995 2262 Cerinthi

1041 2278 1267 2316 confutavit.
1290 2279 1384 2316 Post
1403 2290 1490 2314 eum
1511 2278 1711 2327 Origenes,
1732 2278 1993 2327 qui‘Scriptu-

1041 2332 1172 2369 ristica
1190 2332 1273 2368 loca
1286 2361 1295 2377 ,
1316 2343 1415 2380 quae
1435 2331 1643 2369 Chiliastae
1663 2331 1910 2378 adferebant,
1932 2332 1993 2369 al-

1039 2385 1205 2435 legorice
1233 2384 1522 2433 interpretanda
1542 2397 1623 2422 esse
1644 2385 1823 2423 ostendit.
1845 2385 1992 2421 Deinde

1041 2438 1262 2487 Dionysius,
1275 2438 1473 2486 episcopus
1490 2437 1791 2484 Alexandrinus,
1808 2437 1872 2486 qui
1889 2449 1996 2474 eum-

1042 2492 1127 2528 dem
1147 2502 1332 2538 errorem,
1347 2503 1370 2528 a
1390 2490 1540 2539 Nepote
1560 2491 1737 2541 episcopo
1756 2491 1795 2528 in
1810 2491 1989 2540 AEgypto

1040 2544 1313 2590 instauratum,
1333 2543 1550 2582 confutavit
1569 2544 1594 2582 5.
2006 2580 2009 2582 .

1093 2598 1152 2635 De
1172 2597 1371 2635 Pasclzaz‘e
1391 2618 1439 2625 —
1459 2597 1595 2636 Altera
1623 2599 1717 2635 tunc
1746 2596 1928 2645 temporis
1948 2608 1992 2633 e-

1040 2653 1102 2689 rat
1130 2651 1392 2688 controversia
1421 2651 1466 2688 de
1495 2651 1555 2687 die
1575 2650 1751 2699 legitima
1770 2650 1990 2688 celebrandi

1042 2704 1203 2742 Pascha.
1224 2704 1424 2742 Ecclesiae
1455 2704 1570 2741 Asiae
1600 2703 1758 2740 minoris
1786 2715 1892 2741 more
1921 2703 1990 2741 Iu-

1082 2809 1092 2829 1
1111 2810 1197 2839 Extat
1213 2809 1295 2848 apud
1312 2808 1450 2846 Cotelier,
1466 2808 1594 2839 Patres
1611 2807 1687 2839 aevi
1702 2813 1809 2848 apost.
1825 2811 1843 2838 t.
1857 2808 1901 2846 11;
1922 2808 1991 2838 Hal-

1041 2851 1114 2887 loix,
1135 2849 1270 2881 Illustr.
1294 2851 1368 2880 eccl.
1391 2850 1515 2881 orient.
1532 2849 1692 2889 scriptor.
1709 2854 1726 2880 ῑ.
1743 2851 1770 2888 1;
1787 2851 1898 2890 Migne,
1917 2849 1991 2881 Pa-

1043 2892 1280 3005 Ξὲἰΰὲῐέᾔῖῗέί
1294 2892 1418 2970 ligi-nou,
1429 2931 1512 2969 ibid.;
1529 2931 1832 2973 Nourry‚Apparat.
1845 2932 1891 2964 ad
1902 2932 1989 2963 Bibl.

1075 2979 1203 3011 atrum,
1234 2999 1237 3002 .
1273 2999 1278 3003 .

1079 3017 1093 3037 3
1109 3016 1193 3054 Apud
1225 3015 1338 3051 Grabe,
1371 3014 1524 3057 Spicz'leq.
1551 3014 1712 3054 Patrum,
1735 3024 1816 3046 saec.
1843 3015 1890 3054 ΙΙ,
1915 3018 1934 3045 t.
1959 3015 1988 3053 I;

1039 3057 1148 3093 Reum,
1163 3055 1350 3094 Reliquiae
1364 3065 1496 3094 sacrae,
1513 3061 1530 3086 t.
1548 3056 1578 3095 13
1594 3057 1704 3097 Migne‚
1721 3057 1740 3088 1.
1757 3066 1781 3087 c.

1079 3099 1092 3120 4
1111 3097 1238 3133 Videsis,
1254 3106 1282 3136 p.
1298 3096 1406 3127 26-27.

1079 3140 1093 3161 5
1108 3139 1150 3169 De
1171 3141 1307 3168 veterum
1323 3138 1517 3177 opinionibus
1535 3139 1617 3170 circa
1634 3148 1760 3179 regnum
1776 3137 1983 3169 millenarium

1038 3181 1131 3210 multa
1155 3179 1243 3210 docte
1259 3183 1288 3209 et
1302 3179 1419 3210 erudite
1435 3180 1664 3211 edisseruerunt
1680 3182 1740 3210 citt.
1758 3179 1982 3219 Ephemerides

1037 3220 1325 3260 Neapolitanae,La
1338 3220 1485 3252 Scienaa
1499 3222 1563 3252 e-Za
1576 3222 1667 3252 Fede.
1678 3222 1714 3252 cf
1724 3221 1781 3252 vol.
1798 3219 1986 3261 x11,p.437‚

1039 3266 1067 3294 et
1083 3263 1142 3295 vol.
1156 3263 1228 3301 XVI,
1245 3271 1274 3302 p.
1289 3263 1307 3293 6
1323 3265 1352 3293 et
1369 3271 1436 3302 sqq.
1453 3264 1560 3303 Napoli
1578 3262 1656 3294 ι1846
1674 3266 1703 3294 et
1720 3261 1808 3294 1848.
