2241 3473
202 97 282 136 252

146 192 239 217 rens
257 210 266 225 ,
284 193 423 218 eorum
451 184 638 217 auctores
656 182 698 215 et
724 183 1008 226 cooperatores
1033 190 1100 215 ex-

141 234 501 271 communicatione
519 232 758 269 fulminavit.
775 231 1011 268 Administri
1037 243 1099 268 re-

143 287 200 333 gii
219 287 276 323 his
296 287 455 322 minime
474 285 587 328 flexi,
608 285 814 332 episcopos
833 288 875 320 et
892 285 1013 327 alios,
1034 285 1098 332 qui

142 339 324 375 Pontifici
351 339 571 386 parebant,
602 349 768 374 earcere
786 366 795 381 ,
825 338 1093 381 contumeliis,

141 394 257 429 exilio
275 394 510 429 affecerunt.
530 392 660 432 Quum
688 392 812 439 igitur
832 393 1096 439 magistratus

141 447 258 482 Siculi
275 474 283 490 ‚
303 446 562 482 Monarchiae
583 450 796 493 praetextu
810 475 818 490 ‚
839 447 1096 494 Apostolicae

140 499 251 535 Sedis
285 503 527 547 potestatem
566 501 805 536 conculcare
846 504 1068 548 pergerent
1087 529 1095 544 ‚

139 554 324 590 Clemens
342 554 397 589 XI
416 583 424 596 ,
443 554 488 590 x⁰
507 554 693 590 calendas
721 555 856 591 martii
886 555 979 591 1714
997 557 1095 592 Con-

137 606 340 642 stitutione
359 635 367 650 ,
401 606 604 642 Romanas
640 607 859 655 Pontiseae,
891 620 1098 656 praesum—

141 663 250 705 ptam
266 660 541 696 Monarchiam
558 661 733 698 Siculam
745 662 905 709 eiusque
920 661 1095 698 tribunal

141 714 311 750 abolevit
328 743 336 758 ‚
364 715 598 763 litterasque
627 715 676 752 ad
703 718 911 766 episcopos
938 718 1097 754 Siculos

140 767 270 811 dedit,
290 768 428 815 quibus
455 781 640 805 normam
667 770 878 808 dirimendi
907 772 1097 819 deinceps

139 833 294 866 causas,
310 822 359 857 ad
373 823 692 860 ecclesiasticum
708 825 838 862 forum
849 830 1092 874 spectantes,

139 876 408 924 praescripsit.
424 878 484 913 Ab
503 879 577 914 hac
591 879 874 916 constitutione
891 880 993 926 regii
1009 879 1095 915 fisci

139 935 379 978 procurator
397 931 446 967 ad
464 931 702 968 Pontificem
730 934 871 969 melius
898 935 1096 970 instruen-

138 984 229 1021 dum
250 990 291 1022 et
318 986 367 1022 ad
392 987 664 1033 Apostolicam
692 987 837 1023 Sedem
864 988 1098 1035 appellatio-

140 1051 232 1076 nem
251 1040 436 1077 instituit.
459 1043 574 1076 Anno
594 1042 686 1078 1718
712 1041 916 1090 Philippus
934 1043 970 1076 V
990 1071 998 1085 ‚
1025 1054 1097 1078 rex

139 1094 372 1141 Hispaniae,
389 1095 565 1131 maxima
579 1096 738 1132 Siciliae
754 1101 868 1142 parte
884 1100 1092 1144 occupata,

137 1149 366 1195 petentibus
399 1149 562 1193 Siculis,
591 1162 680 1185 cum
708 1151 912 1187 Clemente
940 1151 1012 1198 Pp.
1040 1151 1096 1186 XI

139 1203 342 1240 consensit
359 1232 367 1244 ,
385 1207 429 1239 ut
446 1215 585 1240 omnes
601 1233 609 1246 ‚
631 1205 695 1251 qui
725 1210 885 1252 propter
912 1205 1097 1241 obedien-

141 1256 237 1293 tiam
253 1258 508 1304 Apostolicae
523 1258 615 1295 Sedi
635 1259 887 1306 praestitam,
898 1260 1014 1296 exilio
1025 1263 1095 1295 aut.

139 1322 352 1349 munerum
372 1312 595 1360 privatione
616 1312 775 1349 fuerant
794 1314 953 1357 affecti,
981 1314 1096 1349 resti-

140 1369 349 1403 tuerentur
366 1379 375 1411 ;
412 1367 592 1403 censuris
627 1367 856 1414 apostolicis
893 1367 1097 1415 perstricti

140 1424 229 1466 post
246 1421 534 1468 poenitentiam
555 1421 862 1458 absolverentur
881 1451 889 1465 ,
909 1426 949 1457 et
969 1422 1097 1457 ecele-

140 1474 224 1511 siae
258 1476 385 1511 sacris
420 1476 657 1512 interdictae
678 1505 686 1518 ,
723 1475 782 1512 his
817 1476 1096 1514 redderentur.

138 1528 269 1569 Quum
290 1534 430 1577 postea
446 1542 614 1577 regnum
631 1530 789 1567 Siciliae
810 1537 1094 1578 recuperasset.

138 1583 305 1620 Carolus
324 1585 375 1620 VI
395 1585 631 1632 imperator,
649 1584 891 1621 Benedictus
912 1586 981 1632 Pp.
1003 1586 1094 1622 XIII

139 1637 189 1673 ad
208 1649 348 1684 pacem
375 1643 416 1675 et
441 1639 693 1675 concordiam
714 1641 751 1674 in
780 1651 826 1676 eo
852 1640 1094 1676 firmandam

140 1692 432 1729 Constitutione
446 1722 454 1737 ‚
474 1692 612 1729 Fiden·
633 1706 680 1728 ac
697 1693 901 1741 prudenti,
921 1695 1015 1730 data
1034 1695 1096 1730 111⁰

140 1747 328 1783 calendas
353 1748 591 1794 septembris
619 1749 736 1792 1728,
765 1749 1027 1796 apostolicam
1046 1750 1100 1786 Ie-

141 1801 344 1847 gationem
364 1802 402 1837 in
427 1802 564 1838 Sicilia
585 1803 751 1850 principi
771 1832 778 1846 ‚
799 1803 846 1839 de
865 1804 1098 1850 Apostoliea

141 1855 242 1892 Sede
262 1861 302 1893 et
320 1857 513 1893 universa
532 1857 751 1893 christiana
776 1859 981 1904 republica
999 1859 1098 1895 bene

143 1910 300 1952 merito,
313 1911 501 1955 restituit,
515 1912 706 1958 praecisis
722 1912 921 1953 abusibus,
935 1918 1099 1960 propter

141 1974 237 2010 quos
255 1976 279 2001 a
297 1965 505 2003 Clemente
525 1967 578 2002 XI
598 1967 728 2003 fuerat
746 1967 914 2010 abolita,
935 1968 1098 2015 eiusque

139 2030 213 2054 usu
241 2019 289 2055 ad
323 2020 421 2056 iuris
446 2025 485 2057 et
516 2022 680 2057 rationis
709 2021 867 2057 modum
894 2022 1098 2069 sapienter

141 2078 348 2109 contracto
362 2077 387 2108 1.
405 2076 626 2122 Gregorius
644 2075 828 2124 Pp.XVI‚
846 2076 976 2112 Breve
992 2076 1100 2111 Iam-

141 2125 210 2163 dia
225 2128 286 2164 die
307 2128 328 2165 3
349 2130 481 2165 martii
501 2130 787 2173 1846‚instante
807 2130 1099 2166 Ferdinandoll

142 2183 347 2231 utriusque
368 2184 526 2220 Siciliae
548 2185 723 2230 piissimo
743 2198 856 2233 rege,
871 2187 997 2222 salute
1018 2187 1101 2221 ani-

143 2249 297 2273 marum
322 2242 362 2275 et
390 2238 545 2285 publica
572 2240 861 2287 tranquillitate
889 2241 1099 2276 nonnullos

143 2291 290 2327 abusus
316 2292 430 2327 huius
458 2293 667 2328 tribunalis
702 2295 930 2341 reparavit,
960 2305 1099 2342 appro-

143 2345 242 2382 bans
262 2346 516 2382 matrimonia
535 2353 744 2384 contracta
769 2349 807 2383 vi
834 2348 1103 2395 despensatio-

143 2400 203 2435 nis
222 2400 424 2436 immerito
438 2400 570 2443 datae,
587 2407 703 2448 atque
720 2402 930 2438 declarans
950 2402 1040 2449 quid
1061 2403 1100 2438 in

145 2458 351 2501 posterum
367 2453 413 2489 de
429 2454 503 2490 liae
519 2455 717 2501 agendum
737 2456 824 2492 erit.
846 2456 938 2491 Pius
954 2457 1023 2502 Pp.
1047 2457 1101 2492 IX

146 2519 258 2551 vero,
287 2508 418 2544 Breve
445 2508 725 2544 Peculiuribus
753 2510 949 2545 mlductus
972 2510 1032 2546 die
1057 2510 1102 2547 ‘26

146 2561 301 2597 ianuar·
323 2562 430 2605 1856,
450 2562 489 2597 in
513 2564 781 2599 testimonium
803 2564 1100 2600 benevolentiae

143 2627 242 2663 erga
260 2616 444 2653 cumdem
463 2616 690 2665 Principem
712 2629 835 2653 novas
852 2618 986 2654 favore
1008 2619 1102 2654 Sici-

144 2670 219 2706 liae
248 2671 526 2707 concessiones
563 2671 822 2708 Monarcliiae
849 2671 953 2707 dicto
984 2672 1103 2707 tribu-

147 2725 224 2760 nali
246 2725 404 2768 tribuit,
427 2727 664 2774 regulasque
685 2726 886 2763 habendas
915 2728 951 2762 in
972 2727 1103 2762 causis

147 2780 385 2827 peragendis
409 2780 493 2817 sive
520 2781 567 2817 de
589 2782 874 2818 matrimoniali
902 2781 1106 2828 dispensa-

146 2834 266 2875 tione,
287 2834 370 2870 sive
389 2834 434 2870 <Ie
457 2835 638 2872 nullitate
658 2835 871 2882 religiosae
891 2835 1105 2883 professio-

146 2888 205 2923 nis
223 2917 231 2927 .
253 2889 334 2925 sive
353 2888 400 2925 de
423 2890 675 2927 restitutione
697 2891 735 2926 in
761 2891 963 2937 integrum
984 2890 1106 2926 tradi-

146 2942 212 2977 dit.
236 2944 305 2978 Ast
331 2945 448 2980 rebus-
467 2954 503 2980 et
528 2946 775 2992 temporibus
797 2946 962 2982 mutatis
988 2951 1029 2982 et
1049 2946 1106 2981 Si-

147 2996 237 3032 cilia
256 2997 293 3032 in
322 2997 536 3033 dominium
559 2997 692 3034 italici?
717 2999 831 3046 ressmj
849 3029 857 3042 ‚
888 2999 1106 3035 auetorita—

149 3054 226 3085 tem
244 3051 413 3087 Romani
432 3052 634 3088 Pontifici<
653 3054 767 3090 sactis
783 3055 1024 3101 respuentis,
1040 3053 1106 3088 do-

150 3103 231 3139 lose
253 3105 464 3152 lanquente
484 3134 491 3149 ,
512 3106 594 3153 ipse
626 3106 809 3144 l‘ontisex
829 3108 924 3143 Pius
951 3107 1006 3143 IX
1025 3107 1106 3144 suis

200 3213 205 3232 ¹
227 3214 423 3253 sluariizicei,
450 3215 541 3248 Vitae
559 3221 591 3247 e!
608 3220 701 3257 ,qesta
724 3217 792 3250 lm.
816 3218 1036 3260 Pontificum.

673 144 679 150 ¹
714 109 882 138 EPOCHA
900 110 974 138 XII·
997 111 1025 137 A
1043 109 1212 138 LITIBVS
1231 91 1542 139 IANSENiSTICIS

1150 178 1381 227 apostolicis
1395 179 1556 222 litteris,
1572 179 1769 227 Supremo,
1783 180 1970 225 universi,
1988 183 2032 231 v⁰
2047 193 2111 219 ca-

1151 232 1255 268 lend.
1274 232 1376 268 febr.
1397 232 1488 269 1864
1506 231 1612 269 datis
1629 261 1638 276 ,
1658 234 1868 280 publicatis
1894 238 2030 271 autem
2049 236 2110 272 v1⁰

1151 286 1237 322 idus
1256 286 1408 322 octobr.
1430 297 1495 321 an.
1517 286 1609 323 1867
1628 290 1670 322 et
1687 286 1836 324 Multis
1861 287 2111 336 gravissimis

1151 339 1330 376 eiusdem
1350 340 1502 376 mensis
1526 344 1567 377 et
1584 341 1692 385 anni,
1711 352 1830 388 quum
1859 342 2110 391 experientia

1154 394 1461 431 demonstraret
1494 395 1672 431 maxima
1697 399 1787 431 orta
1818 408 1908 434 esse
1939 400 1979 434 et
2012 396 2111 433 oriri

1153 447 1300 484 damna
1317 460 1367 485 ex
1382 448 1490 485 hisce
1510 448 1848 493 concessionibus,
1864 462 2010 499 easque
2026 462 2111 495 om-

1153 502 1212 538 nis
1231 503 1393 549 generis
1419 502 1659 548 corruptelis
1677 506 1718 538 et
1744 503 1929 540 abusibus
1955 504 2108 540 aditum

1151 556 1326 602 aperire,
1336 555 1590 592 etEcclesiae
1601 559 1641 592 et
1655 556 1770 593 saluti
1786 556 2012 594 animarum
2027 568 2111 594 ma-

1150 609 1257 645 xime
1277 609 1483 646 adversari
1499 638 1506 652 ‚
1527 609 1769 646 auctoritate
1788 621 1861 646 sua
1877 610 2110 658 Apostoliea

1153 663 1336 699 eamdem
1362 664 1636 711 Apostolicam
1668 664 1932 712 Legationem
1957 667 1999 701 et
2025 665 2112 701 Mo-

1154 717 1359 753 narchiam
1362 717 1624 778 supplessit‚
1641 717 1832 761 extinxit,
1851 720 1896 755 et
1921 717 2109 764 abolevit;

1151 771 1316 819 Insuper
1341 772 1476 807 omnia
1497 771 1584 808 eius
1602 772 1748 821 intuitu
1767 772 1928 809 Siciliae
1946 771 2110 820 regibus

1149 837 1342 862 concessa
1367 838 1532 874 prorsus
1558 815 1720 869 delevit,
1748 825 1858 863 facta
1881 838 1953 875 per
1970 825 2114 863 decen-

1150 879 1261 916 nium
1280 880 1384 916 illius
1402 880 1579 927 regionis
1604 880 1812 928 Episcopis
1838 880 2028 918 facultate
2054 879 2112 916 di-

1149 933 1375 970 versimode
1414 934 1651 970 occurrendi
1684 933 1861 970 fidelium
1895 933 2107 980 necessita—

1150 988 1256 1023 tibus
1274 989 1300 1021 ¹.

1193 1042 1253 1078 37.
1268 1041 1386 1078 Ritus
1401 1041 1585 1078 Sinenses
1602 1043 1637 1078 et
1652 1041 2106 1080 Ivffalabarici—-Altera

1147 1095 1193 1132 de
1220 1096 1358 1132 ritibus
1382 1096 1613 1133 Sinensibus
1638 1096 1698 1132 his
1726 1096 1970 1144 temporibus
1998 1100 2107 1134 resu-

1148 1150 1294 1186 scitata
1327 1154 1387 1187 est
1423 1151 1697 1187 controversia
1719 1179 1727 1192 ,
1762 1151 1873 1187 euius
1910 1151 2108 1198 originem

1150 1204 1406 1251 praecedenti
1421 1205 1580 1241 saeculo
1597 1205 1849 1253 exposuimus
1863 1206 1890 1239 ².
1907 1204 2006 1242 Post
2018 1205 2108 1241 Ale-

1152 1259 1297 1295 xandri
1324 1259 1395 1306 Pp.
1422 1259 1492 1295 VII
1521 1259 1726 1296 dee'retum
1753 1258 1968 1295 concordia
2001 1259 2108 1295 inter

1152 1313 1422 1349 missionarios
1441 1314 1626 1350 restituta
1644 1315 1776 1350 fuerat
1789 1343 1797 1358 ‚
1816 1316 1858 1350 et
1875 1312 2110 1361 perduravit

1149 1379 1273 1414 usqne
1292 1367 1341 1403 ad
1361 1378 1506 1403 annum
1523 1368 1627 1412 1693,
1643 1379 1716 1416 quo
1733 1368 1902 1406 Carolus
1916 1366 2111 1415 Maigrot,

1149 1422 1355 1457 seminarii
1375 1422 1631 1462 Parisiensis,
1651 1422 1751 1470 quod
1770 1426 2002 1460 exterarum
2019 1420 2110 1458 mis·

1149 1475 1303 1510 sionum
1321 1480 1491 1518 vocant,
1519 1476 1721 1519 alumnus,
1740 1478 1805 1524 qui
1823 1487 1886 1513 an.
1910 1476 2004 1514 1684
2021 1486 2111 1512 cum

1151 1530 1299 1577 aliquot
1313 1530 1432 1566 sociis
1452 1531 1490 1565 in
1510 1531 1626 1566 Sinas
1643 1534 1813 1567 venerat
1829 1534 1871 1567 et
1886 1530 2028 1569 deinde
2046 1533 2112 1570 Vi-

1151 1586 1282 1620 carius
1292 1584 1533 1633 apostolicus
1542 1584 1769 1632 provinciae
1781 1584 1994 1622 Fokiensis
2002 1597 2114 1625 crea-

1152 1643 1213 1675 tus
1235 1639 1379 1683 fuerat,
1395 1644 1535 1675 contra
1552 1640 1652 1676 ritus
1671 1640 1861 1676 Sinenses
1880 1639 2113 1678 mandatum

1151 1693 1268 1729 dedit.
1294 1695 1335 1729 In
1355 1693 1428 1729 hoc
1455 1693 1641 1730 mandato
1668 1694 1844 1729 vicarius
1870 1695 2115 1741 apostolicus

1153 1748 1427 1796 praecipiebat
1443 1777 1452 1793 ,
1470 1752 1514 1784 ut
1533 1748 1691 1784 vocibus
1720 1746 1820 1784 Tien
1840 1752 1850 1791 (
1866 1748 2047 1794 coelum)
2076 1753 2116 1788 et

1150 1802 1325 1850 XangJ-ti
1344 1807 1572 1850 (supremus
1591 1803 1829 1851 imperator)
1856 1798 2092 1852 proscriptis
2106 1833 2116 1850 ,

1152 1857 1259 1893 Deus
1276 1869 1375 1893 voce
1393 1857 1588 1893 Ticn-chu
1603 1857 1716 1900 (coeli
1731 1856 1923 1902 dominus)
1939 1858 2114 1906 appella-

1154 1917 1285 1956 retur;
1310 1916 1354 1948 ut
1372 1924 1392 1948 e
1413 1913 1565 1948 cunctis
1584 1911 1764 1948 ecclesiis
1782 1911 2039 1948 auferrentur
2057 1916 2117 1950 ta·

1153 1966 1302 2010 bellae,
1327 1966 1462 2014 quibus
1481 1978 1602 2003 voces
1619 1965 1835 2014 Kiny-cien
1853 1966 2023 2009 (coelum
2051 1978 2118 2004 co—

1152 2021 1238 2064 lito)
1260 2025 1378 2057 erant
1396 2020 1610 2067 inscriptae
1629 2031 1638 2065 ;
1655 2020 1888 2057 declarabat
1905 2049 1913 2064 ,
1934 2020 2115 2069 quaesita

1153 2075 1380 2112 Alexandro
1408 2075 1478 2122 Pp.
1498 2074 1571 2110 VII
1600 2074 1804 2122 proposita
1826 2074 1863 2110 in
1891 2075 2024 2111 multis
2053 2087 2114 2112 re-

1153 2130 1222 2165 bus
1242 2141 1320 2165 non
1339 2141 1426 2166 esse
1449 2128 1638 2172 veridica,
1654 2127 1818 2176 proinde
1838 2128 2115 2166 missionarios

1155 2185 1202 2219 iis
1219 2184 1286 2220 niti
1308 2195 1384 2219 non
1401 2195 1516 2231 posse
1536 2182 1585 2218 ad
1603 2182 1909 2231 permittendum
1923 2183 2115 2220 usitatum

1155 2238 1256 2286 apud
1284 2239 1400 2274 Sinas
1427 2237 1605 2275 Confucii
1635 2242 1676 2273 et
1703 2237 2002 2284 progenitorum
2037 2238 2117 2275 eul-

1155 2297 1250 2337 tum;
1272 2291 1519 2340 prohibebat,
1536 2303 1584 2328 ne
1601 2291 1840 2327 missionarii
1859 2292 1939 2328 ulla
1956 2291 2004 2328 de
2024 2303 2114 2330 cau·

1153 2358 1198 2383 sa
1218 2346 1497 2394 permitterent
1515 2345 1752 2382 Christianis
1767 2342 1953 2393 praeesse
1972 2350 2042 2383 aut
2059 2346 2117 2383 in-

1156 2407 1307 2438 teresse
1345 2400 1586 2436 solemnibus
1613 2400 1877 2437 caeremoniis
1895 2429 1904 2445 ‚
1925 2411 2026 2448 quae
2054 2400 2117 2438 bis

1155 2454 1365 2502 quotannis
1384 2454 1432 2489 ad
1453 2454 1641 2491 bonorem
1662 2454 1840 2492 Consucii
1855 2459 1895 2491 et
1912 2453 2117 2492 defuncto-

1158 2521 1243 2545 rum
1261 2508 1559 2557 progenitorum
1581 2509 1742 2554 fiebant;
1761 2509 2033 2546 missionarios
2051 2521 2117 2547 ve-

1157 2575 1216 2607 ro,
1242 2563 1305 2611 qui
1325 2563 1384 2598 his
1404 2563 1552 2611 regulis
1571 2575 1722 2600 morem
1745 2574 1888 2611 gerere
1915 2562 2115 2601 detracta-

1158 2623 1259 2661 rent,
1276 2622 1363 2665 post
1377 2616 1473 2653 duos
1488 2628 1646 2654 menses
1663 2617 1930 2661 facultatibus,
1948 2628 1973 2654 a
1989 2629 2032 2655 se
2052 2618 2117 2656 vel

1156 2683 1398 2719 quocumque
1418 2671 1494 2706 alio
1513 2672 1665 2708 vicario
1685 2676 1754 2708 aut
1780 2671 2005 2719 provicario
2027 2683 2118 2709 con·

1157 2725 1292 2769 cessis,
1313 2726 1489 2772 privatos
1509 2726 1592 2762 fore
1611 2725 1856 2762 declarabat.

1205 2780 1331 2822 Tune,
1348 2783 1464 2826 rupta
1482 2780 1711 2824 concordia,
1728 2781 1772 2816 lis
1789 2781 1893 2817 inter
1912 2780 2116 2818 missiona-

1157 2835 1236 2869 rios
1263 2838 1404 2869 renata
1430 2838 1502 2870 est.
1536 2835 1717 2882 Maigrot
1743 2834 1973 2872 mandatum
2002 2846 2117 2873 suum

1158 2887 1323 2923 Romam
1345 2887 1452 2923 misit
1471 2899 1558 2924 cum
1579 2889 1723 2925 litteris
1743 2889 1792 2924 ad
1812 2889 1859 2925 R.
1883 2888 2117 2926 Pontificem

1157 2941 1293 2987 quibus
1327 2952 1376 2978 ea
1393 2970 1401 2985 ‚
1438 2953 1536 2989 quae
1573 2943 1639 2979 illo
1666 2942 1795 2980 edicto
1831 2942 2090 2992 prohibuerat
2108 2972 2117 2988 ‚

1158 3006 1228 3030 ceu
1262 2995 1553 3042 superstitiosa,
1582 3000 1623 3033 et
1650 2996 1896 3034 idololatr-ica
1921 2997 2116 3046 exposuit.

1206 3080 1210 3099 ¹
1233 3082 1271 3112 tlt·
1287 3084 1342 3114 cn.
1368 3085 1437 3113 not.
1458 3083 1480 3115 4
1497 3083 1533 3115 ast
1554 3083 1674 3117 calcem
1695 3093 1727 3126 p.
1751 3083 1806 3123 13,
1823 3092 1884 3118 nec
1901 3092 1966 3116 non
1988 3082 2115 3126 ephem.

1159 3127 1200 3158 La
1230 3128 1373 3160 Scienza
1399 3138 1415 3160 e
1439 3129 1471 3161 la
1500 3130 1613 3171 Fede,
1644 3130 1723 3164 voll.
1752 3138 1865 3171 xxxn,
1889 3138 1922 3173 p.
1949 3128 2017 3164 ¹50
2042 3138 2116 3174 sqq,

1157 3174 1519 3214 cti.xv11‚114,128.

1201 3218 1214 3238 ‘³
1231 3219 1270 3251 Cr
1286 3230 1317 3262 p.
1338 3219 1419 3254 210.
