2241 3473
242 97 322 139 330

223 182 334 220 Tunc
343 180 549 229 Napoleon
561 178 735 226 capitula
744 177 894 214 sedium
908 175 1138 212 vacantium

185 236 373 285 compulit
386 234 435 271 ad
450 231 689 270 conferenda
708 230 904 278 episcopis
925 229 1140 266 nominatis

183 289 272 327 iura
290 287 528 325 vicariorum
549 285 811 332 generalium,
825 288 869 319 ut
881 283 957 319 hac
984 283 1138 320 ratione

185 343 342 385 isti,non
358 341 536 376 obstante
552 338 839 374 institutionum
855 337 1138 373 canonicarum

184 397 354 438 defectu,
374 393 578 436 ecclesias,
599 391 647 428 ad
671 402 768 439 quas
786 394 903 427 erant
929 390 1137 437 designati,

185 447 627 487 administrarent.Erat
646 445 682 481 id
692 445 896 481 Ecclesiae
907 444 1139 492 disciplinae

184 508 224 541 et
249 501 504 538 conciliorum
528 498 797 536 sanctionibus
815 499 1053 546 oppositum.
1071 497 1140 533 Ni-

184 556 392 593 hilominus
412 554 505 591 illud
524 556 685 602 praeter
704 553 801 589 alios
821 552 1034 589 attentavit
1055 562 1138 587 car-

185 610 327 647 dinalis
351 611 510 655 Maur-y,
539 608 604 655 qui
632 607 725 642 olim
745 607 784 642 in
802 609 1000 643 conventu
1016 605 1142 642 natio-

185 664 263 700 nali
290 662 510 710 Religionis
525 671 684 697 causam
704 660 808 696 mira
834 659 1058 696 constantia
1076 658 1140 696 de-

184 717 380 761 fenderat,
391 717 554 763 ideoque
569 725 593 750 a
607 714 679 750 Pio
697 714 825 761 Pp.VI
842 713 972 761 primo
988 713 1140 749 archie-

184 771 365 819 piscopus
391 770 568 807 Nicaeae
593 767 847 816 inpartibus,
868 767 1008 804 deinde
1035 777 1139 803 anno

185 826 275 863 1794
291 824 504 861 cardinalis
518 823 728 871 episcopus
745 822 893 858 Montis
903 821 1142 858 Flasconen·

184 880 238 917 sis
266 882 423 915 creatus
449 878 595 920 fuerat;
611 875 735 922 pridie
756 875 839 912 idus
859 875 1030 912 octobris
1049 875 1140 913 1810

183 945 208 970 a
226 933 458 980 Napoleone
477 931 525 968 ad
540 929 924 977 archiepiscopatum
942 928 1140 965 Parisien-

184 998 267 1023 sem
288 985 519 1029 translatus,
539 984 652 1020 huius
671 982 1058 1019 administrationem
1078 994 1139 1019 su-

184 1041 321 1087 scepit.
352 1040 446 1076 Pius
471 1039 556 1082 VII,
583 1037 684 1075 datis
703 1036 817 1072 nonis
835 1037 1065 1074 novembris
1091 1036 1139 1073 ad

184 1106 274 1131 eum
301 1094 445 1130 litteris
470 1093 509 1129 in
535 1093 665 1128 forma
690 1090 847 1135 Brevis,
873 1090 985 1126 illum
1008 1091 1140 1138 gravi-

184 1151 248 1185 ter
274 1147 554 1196 reprehendit,
583 1145 683 1194 quod
709 1144 853 1192 spretis
879 1143 1137 1190 iuramentis,

185 1213 285 1250 quae
304 1205 490 1249 tanquam
511 1200 722 1237 cardinalis
739 1203 781 1235 et
799 1198 1007 1246 episeopus
1026 1209 1138 1246 prae-

185 1257 356 1299 stiterat,
375 1255 587 1293 ecclesiam
607 1265 720 1290 suam
738 1253 978 1290 deseruisset
991 1258 1031 1290 et
1047 1253 1140 1290 alie-

186 1322 261 1348 nae
288 1310 671 1347 administrationem
698 1311 841 1345 contra
864 1318 1002 1345 sacros
1021 1319 1138 1345 cano·

185 1378 256 1403 nes
273 1369 518 1413 usurpasset;
539 1375 629 1401 eum
648 1364 869 1400 obtestatus
883 1367 956 1406 est,
972 1366 1016 1399 ut
1029 1374 1139 1399 usur-

185 1425 318 1470 patam
344 1419 726 1456 administrationem
746 1418 952 1455 confestim
969 1417 1138 1455 dimitte-

185 1480 262 1521 ret,
290 1488 340 1513 ne
367 1475 415 1512 ad
435 1473 631 1522 agendum
654 1477 793 1510 contra
811 1484 900 1510 eum
920 1473 1137 1511 secundum

185 1543 381 1569 canonum
417 1531 593 1579 rigorem
628 1533 857 1578 cogeretur.
895 1529 1015 1566 Brevi
1050 1534 1139 1578 post

185 1586 369 1624 Pontifex
395 1586 492 1623 alias
517 1585 674 1622 litteras
700 1584 739 1620 in
766 1583 896 1620 forma
915 1584 1057 1622 Brevis
1075 1584 1140 1621 de-

185 1641 241 1679 dit
266 1642 314 1679 ad
341 1643 387 1678 E.
415 1640 574 1680 Corboli
601 1638 925 1676 archidiaconum
944 1639 1139 1677 ecclesiae

186 1695 445 1734 Florentinae
464 1724 472 1739 ,
508 1698 549 1731 et
581 1693 628 1730 ad
655 1693 701 1728 Ρ.
730 1693 763 1729 d'
780 1693 920 1729 Astros
946 1692 1137 1730 vicariurn

187 1750 449 1799 capitularem
480 1748 674 1786 ecclesiae
702 1746 939 1784 Parisiensis
958 1775 966 1791 ,
994 1747 1033 1783 in
1060 1748 1140 1796 qui-

186 1804 257 1842 bus
282 1805 431 1842 nullam
459 1807 575 1852 atque
601 1802 815 1839 invalidam
843 1813 932 1839 esse
959 1801 1138 1839 declara-

187 1859 243 1895 vit
267 1858 578 1906 delegationem,
598 1867 714 1904 quam
735 1855 910 1904 capitula
928 1857 1139 1905 episcopis,

188 1924 212 1949 a
237 1913 415 1961 principe
444 1912 542 1948 laico
569 1910 798 1954 nominatis,
817 1914 910 1946 ante
931 1911 1142 1947 confirma-

188 1967 336 2003 tionem
362 1965 604 2014 pontificiam
631 1965 874 2001 conferrent.

237 2021 324 2057 Hae
335 2018 704 2056 Pontificislitterae
715 2018 905 2065 optimum
918 2017 1142 2056 habuerunt

189 2076 375 2111 effectum
394 2102 402 2117 ,
436 2076 630 2120 quatenus
656 2072 712 2108 sic
738 2071 917 2107 omnibus
944 2071 991 2108 de
1018 2071 1141 2120 illegi-

190 2129 288 2165 tima
311 2129 477 2164 istorum
505 2137 700 2162 novorum
726 2125 972 2162 vicariorum
992 2127 1143 2174 capitu-

189 2182 330 2219 larium
358 2180 699 2218 administratione
726 2180 947 2224 constabat,
979 2184 1019 2217 et
1037 2182 1138 2229 capi-

190 2237 292 2281 tula,
320 2247 398 2273 non
425 2234 669 2272 obstantibus
695 2234 874 2281 gubernii
900 2233 1033 2279 iussis,
1061 2237 1138 2283 epi-

189 2291 319 2340 scopis
335 2289 546 2327 nominatis
561 2288 945 2325 administrationem
957 2289 1139 2328 conferre

191 2348 437 2385 recusabant.
473 2345 681 2392 Napoleon
717 2355 812 2380 vcro
845 2343 906 2379 ira
940 2344 1114 2390 percitus
1134 2374 1142 2390 ,

190 2402 424 2438 Pontificem
452 2399 615 2436 arctiori
642 2397 842 2434 custodiae
865 2397 1036 2442 tradidit,
1057 2409 1142 2434 car-

191 2456 343 2493 dinales
361 2484 369 2499 ‚
403 2455 611 2502 episcopos
637 2452 809 2500 aliosque
837 2451 883 2488 de
913 2452 1051 2488 notitia
1077 2456 1144 2488 aut

193 2510 482 2558 propagatione
493 2505 1144 2556 praefatarumlitterarumsuspe-

194 2568 292 2607 ctos,
319 2565 412 2600 item
441 2574 524 2606 eos,
555 2561 619 2610 qui
639 2559 851 2596 nominatis
869 2560 1065 2607 episcopis
1083 2571 1142 2596 ec-

194 2619 404 2656 clesiarum
439 2615 823 2654 administrationem
860 2613 1114 2660 denegabant
1135 2643 1142 2658 ‚

195 2684 359 2709 carcere
395 2675 462 2708 aut
487 2671 605 2708 exilio
635 2668 826 2705 multavit.
857 2668 1033 2704 Eamden
1062 2679 1143 2704 sor—

197 2732 273 2764 tem
302 2727 454 2774 experti
483 2729 573 2761 sunt
601 2723 762 2772 parochi
789 2723 931 2771 aliique
958 2722 1143 2759 ecclesia-

194 2781 279 2817 stici
307 2781 394 2823 viri,
423 2781 485 2828 qui
511 2779 573 2815 vel
602 2782 690 2826 post
711 2778 831 2814 latam
852 2780 992 2813 contra
1011 2788 1144 2824 persc-

195 2840 370 2871 cutorcm
390 2833 839 2870 excommunicationem
856 2841 995 2879 preces
1012 2841 1081 2878 pro
1098 2841 1145 2866 eo

196 2899 357 2928 canere.
386 2888 446 2925 vel
475 2888 562 2924 aliis
589 2888 675 2925 eius
701 2886 841 2935 iniquis
866 2885 1037 2922 decretis
1055 2895 1146 2920 con-

196 2943 383 2979 scientias
409 2955 500 2980 suas
527 2943 724 2979 subiicere
752 2939 1006 2978 recusabant-
1033 2939 1146 2976 Unde

197 3008 342 3039 may-rna
362 3010 493 3034 rerum
515 2995 877 3034 ecclesiasticarum
900 2993 1147 3041 perturbatio

198 3050 235 3085 in
264 3051 395 3086 multis
415 3052 510 3087 loeis
528 3055 617 3087 orta
636 3054 709 3085 est.
727 3049 838 3091 Quod
857 3046 1146 3095 deplorandum

198 3108 297 3146 crat,
319 3105 418 3141 inter
438 3105 542 3152 ipsos
561 3106 767 3152 episcopos
786 3105 903 3139 erant
923 3111 997 3136 non
1019 3101 1146 3147 pauci,

200 3157 261 3203 qui
282 3157 325 3193 nd
348 3158 532 3205 principis
553 3158 678 3205 magis
697 3168 811 3204 quam
832 3156 879 3191 ad
899 3155 984 3191 Iesu
999 3154 1144 3191 Christi

200 3211 328 3247 aulam
352 3214 611 3260 pertinentes,
624 3210 894 3248 abiectissima
912 3219 983 3246 sua
1001 3208 1145 3257 agendi

527 106 694 138 EPOCHA
712 103 804 133 XIII.
828 104 856 130 A
876 100 1060 130 PVBLICA
1080 98 1229 127 RERVM
1250 98 1294 127 IN
1315 99 1486 130 GALLIIS
1504 101 1794 130 SVBVERSIONE

1190 174 1344 212 ratione
1378 176 1647 223 persecutoris
1673 175 1879 213 audaciam
1901 203 1910 221 ‚
1938 174 2142 213 Pontificis

1190 239 1286 265 vero
1306 228 1483 266 dolorem
1510 230 1750 278 augebantl.

1235 282 1295 319 23.
1324 283 1626 332 Pseud.-syn0cl.
1644 283 1869 321 Parisiens.
1886 288 1964 328 (αη.
1986 283 2137 328 1811)-

1189 335 1268 372 Sub
1288 336 1397 372 initia
1424 338 1517 373 anni
1538 337 1628 376 1811
1648 337 1856 384 Napoleon
1874 349 2012 374 rursus
2032 337 2145 375 Pari-

1189 389 1257 426 siis
1272 392 1534 438 congregavit
1549 390 1773 428 cardinales
1789 391 1916 428 Fesch
1931 396 1971 429 et
1981 391 2143 441 Maury,

1189 446 1229 479 et
1254 444 1597 493 archiepiscopum
1634 445 1908 482 Turonensem
1943 445 2142 493 aliosque,

1189 509 1284 545 quos
1303 509 1405 535 anno
1426 499 1520 538 1809
1537 502 1843 542 convocaverat,
1860 498 1994 547 eisque
2009 499 2145 536 adiun-

1189 552 1246 588 xit
1272 553 1515 590 cardinalem
1543 553 1688 591 Caselli
1707 552 1934 600 episcopum
1953 552 2144 590 Parmen-

1189 617 1289 650 sem,
1315 610 1356 643 et
1374 607 1421 644 de
1441 607 1564 644 Pradt
1586 608 1634 643 ab
1655 607 1883 654 episcopatu
1902 605 2145 644 pictaviensi

1190 659 1239 696 ad
1266 660 1652 709 archiepiscopatum
1672 659 2003 697 Mechliniensem
2021 671 2046 697 a
2064 661 2145 698 Na-

1191 714 1357 761 poleone
1376 715 1627 752 translatum.
1649 714 1709 750 Ab
1728 714 1776 750 iis
1794 713 2033 761 postulatum
2055 715 2149 760 fuit,

1190 778 1213 803 a
1239 768 1391 816 quibus,
1418 769 1604 817 impedito
1631 767 1870 804 commercio
1898 778 1988 804 cum
2011 767 2145 805 Ponti-

1188 822 1278 866 fice,
1307 823 1500 870 petendae
1526 826 1660 860 essent
1684 821 2013 870 dispensationes,
2040 822 2146 870 Apo-

1189 877 1355 914 stolicae
1381 877 1474 913 Sedi
1500 880 1747 921 reservatae,
1773 879 1815 913 et
1840 887 1941 924 quae
1959 880 2066 913 esset
2092 877 2144 914 le-

1191 930 1332 977 gitima
1359 932 1460 967 ratio
1487 930 1717 968 instituendi
1743 930 1969 977 episcoposf,
1997 930 2047 966 ab
2073 929 2144 966 im-

1190 989 1375 1032 peratore
1403 985 1452 1021 ad
1479 985 1593 1022 sedes
1617 988 1810 1021 vacantes
1841 984 2086 1029 nominatos,
2111 984 2145 1021 si

1191 1038 1375 1076 Pontifex
1400 1039 1524 1075 bu¹1as
1551 1037 1810 1075 institutionis
1835 1048 1987 1085 negare
2007 1049 2148 1086 perge-

1191 1095 1267 1129 ret.
1296 1092 1354 1128 Illi
1380 1096 1468 1140 post
1493 1103 1652 1129 menses
1678 1102 1800 1140 prope
1818 1091 1915 1128 duos
1933 1098 2144 1139 responsa,

1193 1157 1217 1182 a
1242 1146 1384 1182 maiori
1410 1146 1745 1193 Congregationis
1763 1150 1876 1194 parte
1895 1145 2077 1193 probata,
2095 1145 2145 1182 ad

1193 1199 1476 1248 imperatorem
1505 1199 1745 1236 detulerunt.
1781 1199 1877 1236 Post
1910 1198 2145 1236 immodicas

1189 1253 1442 1301 imperatoris
1457 1253 1665 1298 laudes‚ad
1680 1253 1855 1301 priorem
1871 1252 2143 1301 quaestionem

1189 1307 1400 1351 dixerunt,
1435 1309 1728 1345 reservationes
1749 1336 1757 1352 ,
1799 1308 1938 1355 quibus
1971 1307 2146 1355 gaudent

1191 1362 1359 1398 Romani
1385 1362 1599 1404 Pontifices
1617 1392 1625 1408 ,
1654 1375 1733 1399 non
1759 1374 1846 1400 esse
1873 1363 1969 1399 iuris
1994 1362 2143 1406 divini,

1192 1418 1368 1465 proinde,
1396 1429 1562 1455 recursu
1589 1419 1637 1456 ad
1663 1420 1734 1456 hos
1752 1419 1957 1467 impedito,
1975 1419 2064 1455 illas
2081 1418 2146 1456 de-

1191 1473 1297 1509 volvi
1313 1474 1361 1509 ad
1382 1473 1603 1521 episcopos,
1623 1479 1811 1522 quantum
1828 1474 1878 1511 ad
1896 1475 2146 1524 quotidianas

1191 1527 1365 1564 fidelium
1385 1527 1623 1575 indigentias
1637 1532 1806 1577 spectat,
1821 1541 1900 1566 non
1913 1541 2010 1567 vero
2025 1540 2146 1578 quan·

1193 1583 1273 1618 turn
1295 1581 1343 1617 ad
1363 1582 1596 1629 generalem
1616 1583 1821 1621 Ecclesiae
1840 1583 2146 1622 administratio-

1195 1647 1283 1672 nem
1312 1639 1352 1673 et
1378 1635 1626 1684 disciplinam
1655 1637 1853 1675 internam
1882 1638 2069 1686 pertinet;
2096 1637 2147 1674 ad

1192 1691 1361 1728 alteram
1398 1692 1671 1738 quaestionem
1708 1692 2021 1740 responderunt,
2050 1691 2146 1741 opti-

1194 1756 1299 1781 mum
1329 1744 1434 1781 malo
1461 1745 1679 1783 remedium
1707 1747 1808 1791 fore,
1834 1751 1879 1784 ut
1895 1746 2146 1785 Concordato

1194 1798 1406 1835 adderetur
1422 1799 1695 1848 clausula,qua
1707 1800 1818 1848 Papa
1832 1803 2036 1838 teneretur
2049 1801 2146 1838 dare

1195 1853 1455 1890 institutionis
1483 1854 1636 1891 Bullam
1666 1855 1772 1892 intra
1797 1858 1943 1892 statum
1970 1859 2146 1903 tempus,

1194 1919 1308 1944 secus
1323 1907 1381 1944 ius
1395 1907 1651 1945 institutionis
1664 1908 1945 1945 devolveretur
1960 1909 2010 1946 ad
2026 1920 2141 1959 syno-

1193 1962 1283 1998 dum
1311 1961 1612 2010 provincialem3
1627 1962 1675 1999 ad
1695 1962 1732 1998 id
1750 1961 2012 2008 efficiendum,
2033 1963 2144 2011 prius

1194 2015 1345 2063 Papam
1372 2027 1444 2063 per
1470 2014 1681 2064 deputatos
1706 2016 1754 2053 de
1780 2017 1981 2064 praesenti
2008 2028 2143 2054 rerum

1194 2073 1298 2106 statu
1324 2081 1411 2106 esse
1439 2068 1726 2114 instruendum,
1755 2069 1897 2107 deinde
1924 2069 2144 2118 cogendum

1193 2123 1469 2172 episcoporum
1496 2124 1715 2162 concilium.

1241 2178 1368 2214 Grata
1393 2179 1528 2227 utique
1555 2182 1671 2216 erant
1704 2177 1925 2214 huiusmodi
1952 2190 2146 2227 responsa

1195 2232 1400 2268 Gallorum
1415 2232 1914 2280 Imperatornquapropter
1929 2233 2003 2269 v11⁰
2015 2233 2144 2270 calen-

1195 2286 1264 2322 das
1289 2286 1415 2322 maias
1443 2287 1529 2324 1811
1559 2286 1702 2322 litteris
1721 2286 1934 2335 encyclicis
1953 2287 2147 2336 archiepi-

1195 2351 1334 2388 scopos
1352 2345 1392 2376 et
1409 2341 1616 2388 episcopos
1635 2340 1789 2387 imperii
1809 2340 1984 2378 Parisios
2001 2353 2145 2378 convo·

1196 2395 1301 2431 cavit
1326 2395 1374 2431 ad
1394 2395 1618 2435 concilium,
1636 2395 1679 2429 v⁰
1698 2394 1784 2431 idus
1802 2394 1894 2431 iunii
1915 2396 1953 2431 iu
1973 2395 2146 2433 ecclesia

1197 2449 1503 2497 metropolitana
1519 2448 1949 2486 inchoandum-Eodem
1966 2453 2146 2498 tempore

1198 2505 1394 2540 Savonam
1410 2503 1458 2540 ad
1470 2503 1702 2539 Pontificem
1713 2502 1928 2540 destinavit
1945 2503 1991 2540 de
2002 2504 2146 2542 Barral

1198 2557 1535 2605 archiepiscopum
1551 2557 1842 2601 Turonensem,
1857 2557 2046 2595 Duvoisin
2066 2559 2146 2607 epi-

1197 2624 1356 2659 scopum
1383 2612 1704 2655 Nannetensem,
1739 2615 1779 2648 et
1806 2612 1983 2660 Mannay
2009 2612 2144 2649 Trevi—

1199 2678 1370 2709 renscm,
1399 2665 1461 2714 qui
1487 2665 1702 2702 secundum
1730 2665 1991 2709 conditiones,
2010 2665 2058 2702 ab
2077 2666 2148 2702 im-

1199 2725 1382 2768 peratore
1411 2721 1695 2768 praescriptas,
1723 2731 1812 2756 cum
1833 2719 2028 2757 Pontifice
2055 2731 2145 2757 con·

1198 2774 1372 2811 cordiam
1399 2778 1632 2811 tractarent.
1663 2773 1720 2810 Illi
1750 2774 1823 2812 vn⁰
1851 2773 1935 2811 idus
1961 2774 2054 2812 maii
2077 2775 2148 2812 Sa-

1247 2938 1252 2959 1
1281 2935 1319 2968 Cf
1333 2933 1515 2977 Scriptores
1541 2934 1633 2967 citati
1663 2941 1691 2973 p.
1714 2932 1791 2966 329.
1811 2933 1930 2973 begere
1949 2942 2079 2977 quoqne
2098 2932 2148 2965 iu-

1202 2987 1251 3013 vul
1278 2981 1388 3014 Letlre
1414 2991 1474 3013 sur
1490 2982 1522 3014 la
1542 2979 1664 3014 nulliteT
1679 2990 1721 3013 οιι
1740 2979 1919 3013 invalidae?
1936 2980 1993 3013 cles
2010 2978 2146 3021 de'leya-

1202 3031 1287 3060 (ions
1308 3026 1534 3068 Capilulaires
1552 3036 1592 3059 en
1612 3028 1734 3068 savem·
1752 3026 1808 3059 cles
1828 3025 1984 3059 nomme's
1999 3023 2146 3059 aum-id-

1201 3085 1255 3113 (μικ-
1284 3083 1418 3108 meaux,
1452 3074 1546 3112 Μύκο
1561 3074 1650 3106 1814
1669 3072 1771 3109 'iu-8⁰;
1793 3073 1881 3104 item.
1905 3072 2065 3105 Mdmoirc
2083 3081 2144 3103 sur

1200 3120 1502 3152 l'adrni11i.strati‹»1
1521 3119 1722 3161 capitulaire
1739 3118 1795 3150 des
1813 3117 1952 3160 finequas
1970 3128 2045 3150 nom
2055 3116 2141 3155 mels,

1200 3177 1241 3197 en
1269 3165 1406 3207 rr'ponsa
1433 3176 1478 3199 au
1493 3165 1653 3199 Me'moire
1667 3165 1712 3198 du
1730 3164 1886 3198 cardinal
1903 3164 2034 3206 Maur-y,
2056 3163 2144 3196 Paris

1202 3213 1301 3252 1811,
1322 3210 1421 3244 iii-8⁰.
