2241 3473
653 182 778 213 stvE
807 182 859 209 An
887 179 1212 209 IANSENISTARVM
1239 181 1415 209 EXORDIA

78 261 146 288 cra
171 249 209 286 in
237 248 340 286 Sinis
368 250 557 299 perfuncti
587 249 743 287 fuerant
771 248 1010 294 aliorumque

77 302 310 341 testimoniis
337 315 384 341 ea
411 315 509 352 quae
538 303 693 340 fuerant
721 314 743 339 a
771 315 808 352 p.
838 300 1012 339 Morales

76 356 263 404 exposita,
282 355 337 393 ita
357 357 588 402 confutavit,
604 360 644 393 et
663 367 726 393 res
741 358 1012 393 controversas

76 408 131 447 sic
151 409 343 457 exposuit,
366 414 409 448 ut
429 414 512 459 post
542 409 682 446 inultas
710 408 1012 456 disceptationes

75 473 135 499 an.
160 461 259 499 1656
277 463 501 501 Alexander
522 463 590 512 Pp.
612 462 686 499 VII
706 474 726 499 e
745 474 774 499 s.
795 463 1011 509 Congrega-

73 514 189 553 tionis
225 519 265 552 et
303 517 566 554 Cardinalium
605 515 746 552 iudicio
783 514 1011 558 declararit,

73 566 303 607 Christianis
314 570 486 619 permitti
498 580 608 619 posse
620 569 896 611 caeremonias,
913 578 1011 614 quae

73 620 220 659 fiebant
248 623 285 659 in
315 624 405 660 aula
433 622 627 666 Confucii,
656 633 772 669 quuni
804 632 852 659 ex
881 620 1010 657 allatis

72 674 275 712 videretur
293 677 423 714 cultus
443 687 527 713 esse
548 686 651 712 mere
672 674 798 711 civilis
818 677 857 710 et
878 673 1009 722 politi-

71 738 159 774 cus3
180 728 275 766 item
295 731 502 767 secundum
523 727 720 778 proposita
739 727 896 764 tolerari
919 738 1011 774 pos-

71 791 126 826 se,
148 784 192 818 ut
219 782 399 820 Sinenses
428 782 605 820 conversi
635 781 866 818 adhiberent
885 791 1011 817 caere-

72 834 220 872 monias
239 847 328 874 suas
343 848 437 885 erga
453 847 543 873 suos
559 834 770 878 defunctos,
781 833 899 871 etiam
921 845 1009 870 cum

70 887 288 936 gentilibus
310 889 471 927 sublatis
491 892 622 926 tamen
643 887 944 936 superstitiosis3
965 899 1008 923 e-

71 940 166 978 tiam
204 943 433 980 assisterent
471 945 622 979 tantum
662 952 750 977 cum
789 941 1009 988 gentilibus,

70 995 222 1040 quando
250 996 289 1032 hi
319 998 442 1046 agunt
470 994 757 1043 superstitiosa,
777 993 1008 1042 praesertim

69 1046 174 1084 facta
191 1047 278 1086 fidei
296 1049 573 1098 protestatione
592 1051 631 1085 et
645 1051 822 1085 cessante
840 1048 1010 1096 periculo

69 1103 351 1149 perversionis,
382 1106 421 1140 et
449 1101 715 1139 deficientibus
743 1101 817 1138 viis
846 1101 1011 1146 ceteris,

68 1155 208 1202 quibus
227 1156 315 1193 odia
335 1160 374 1193 et
394 1155 620 1192 inimicitiae
640 1154 755 1191 vitari
779 1154 934 1202 possint.

123 1207 250 1249 Quum
267 1210 437 1247 an.1669
453 1207 792 1256 as.Inquisitionis
801 1207 932 1244 Officio
949 1219 1009 1255 po-

69 1261 281 1300 stulassent
300 1262 555 1306 Dominicani,
572 1261 726 1298 cuinam
747 1261 901 1298 decreto
920 1273 1011 1308 pon-

68 1313 187 1352 tificio
198 1316 469 1361 obediendum,
482 1314 693 1352 Innocentii
709 1314 760 1360 X,
777 1326 824 1351 an
839 1314 1010 1350 Alexan-

68 1367 127 1404 dri
142 1368 230 1414 VII,
244 1380 474 1418 responsum
489 1371 559 1415 est,
576 1372 785 1416 utrumque
800 1368 1011 1412 decretum,

69 1423 279 1460 secundum
299 1424 490 1471 quaesita,
511 1421 827 1459 circumstantias
857 1423 896 1458 et
925 1433 1009 1457 om-

69 1475 145 1521 nia,
175 1475 214 1513 in
242 1476 372 1514 dubiis
400 1476 590 1525 exposita,
628 1486 710 1512 esse
747 1475 983 1512 servandum
1002 1504 1010 1519 ,

67 1529 241 1577 adeoque
269 1529 448 1568 vitandos
468 1530 567 1566 ritus
596 1528 897 1577 superstitiosos,
918 1539 1010 1576 per-

68 1581 278 1621 mittendos
297 1583 434 1621 civiles
459 1584 498 1620 et
519 1582 708 1631 politicos.
732 1582 792 1618 Ex
813 1582 885 1618 hoc
905 1583 1008 1618 tem-

69 1647 160 1683 pore
179 1637 445 1674 controversia
463 1637 590 1684 sopita
619 1635 695 1672 fuit
726 1647 846 1683 usque
867 1634 916 1672 ad
945 1646 1006 1672 an.

70 1688 181 1727 1693.
199 1689 434 1727 Missionarii
451 1689 677 1726 christianis
693 1688 790 1725 ritus
802 1689 895 1725 istos
907 1688 1009 1725 haud

68 1743 247 1780 absolute
269 1743 534 1791 prohibebant,
550 1743 617 1780 sed
633 1742 847 1791 prudenter
866 1744 905 1778 et
920 1753 1008 1778 cum

67 1807 210 1845 magna
228 1797 439 1834 tolerantia
458 1796 552 1833 istos
571 1796 619 1833 ab
640 1796 698 1832 his
720 1795 914 1832 abducere
930 1800 1009 1832 stu-

68 1849 213 1887 debant
235 1849 260 1887 ¹.

119 1903 181 1941 93.
202 1903 426 1951 Relzyz‘om's
447 1904 641 1940 interitus
663 1903 707 1938 in
729 1902 954 1951 Iaponm—
966 1902 1007 1938 In

70 1956 239 2005 Iaponia‚
268 1969 340 1994 non
372 1958 550 1994 obstante
580 1955 862 2004 persecutione,
891 1967 1008 2003 quam

68 2009 121 2046 ibi
142 2010 353 2048 Christiani
383 2010 455 2047 sub
483 2009 603 2046 finem
624 2008 892 2058 praecedentis
921 2020 1010 2045 sae-

68 2063 144 2100 culi
163 2064 315 2113 experti
335 2068 428 2101 sunt
447 2061 475 2108 ²,
494 2074 628 2100 eorum
651 2073 836 2099 numerus
856 2073 1009 2110 magno-

69 2128 158 2165 pere
177 2122 315 2155 auctus
333 2120 403 2154 est.
421 2116 535 2153 Initio
555 2116 670 2153 huius
690 2115 834 2153 saeculi
856 2122 1010 2164 praeter

70 2170 330 2208 missionarios
351 2170 642 2214 Dominicanos,
662 2169 944 2206 Franciscanos
972 2172 1011 2206 et

71 2223 166 2261 alios
176 2253 185 2269 ,
195 2224 234 2260 in
251 2224 410 2273 Iaponia
425 2223 735 2260 numerabantur
747 2222 819 2259 120
831 2223 1008 2260 Iesuitae.

69 2277 180 2314 Anno
199 2289 290 2315 vero
310 2277 410 2315 1612
429 2288 555 2313 novae
570 2276 830 2325 persecutioni
853 2287 1007 2312 causam

70 2330 334 2377 praebuerunt
349 2331 568 2368 calumniae
585 2330 783 2366 cuiusdam
808 2329 916 2366 ducis
936 2341 1008 2366 na-

71 2383 129 2419 vis
140 2382 617 2433 Hollandicae,pristinam
637 2383 897 2431 suspicionem
918 2383 1009 2419 eth—

71 2435 244 2472 nicorum
265 2437 534 2486 Iaponensium
563 2437 609 2473 de
640 2436 799 2485 imperio
820 2447 891 2484 ope
912 2437 1010 2473 mis-

71 2488 327 2526 sionariorum
348 2493 389 2527 et
408 2490 718 2528 Christianorum
747 2491 794 2527 ad
815 2490 1009 2538 Hispanos

69 2542 342 2580 transferendo
361 2543 579 2580 excitantis.
603 2544 663 2580 Ex
678 2543 737 2581 his
751 2543 955 2580 calumniis
971 2544 1007 2579 in

69 2595 200 2633 multis
218 2596 311 2633 locis
337 2607 500 2644 magnae
520 2596 764 2634 calamitates
779 2597 1008 2634 Christianis

69 2653 206 2686 enatae
221 2651 322 2686 sunt.
335 2648 523 2690 Quamvis
550 2649 702 2687 iuvenis
722 2650 934 2698 imperator
949 2650 1008 2687 Fi-

69 2701 151 2740 de-J
155 2702 211 2739 ori
224 2702 451 2740 Christianis
470 2701 632 2747 faveret,
647 2705 685 2741 et
704 2704 784 2751 ipse
804 2703 1007 2740 clandesti-
1027 2713 1029 2723 ¹

69 2767 140 2794 nus
167 2756 400 2793 christianus
429 2753 745 2801 existimaretur,
768 2756 882 2805 ljejas
911 2755 1007 2794 alias

68 2808 322 2858 Dayfusama,
344 2809 426 2845 eius
444 2810 553 2845 tutor
572 2811 612 2845 et
630 2810 780 2858 imperii
796 2821 948 2857 regens,
967 2822 1006 2847 se

68 2862 114 2900 iis
133 2862 325 2900 infensum
352 2861 548 2907 exhibuit3
569 2864 609 2898 et
637 2874 699 2899 an.
723 2863 822 2900 1614
844 2863 1005 2900 interfe-

68 2918 129 2953 cto
148 2918 290 2952 iuvene
309 2916 554 2963 imperatore,
576 2915 783 2963 Imperium
806 2928 1006 2964 usurpans,

68 2967 194 3018 legem
214 2968 491 3017 promulgavit,
507 2980 582 3016 qua
597 2980 730 3005 omnes
745 2969 1006 3008 missionarios

68 3023 139 3059 sub
158 3033 281 3071 poena
301 3022 435 3059 mortis
455 3021 617 3069 imperio
638 3021 744 3058 exire
765 3024 804 3059 et
823 3022 1004 3071 Iaponen-

111 3113 120 3134 ¹
139 3113 170 3144 P.
186 3089 345 3149 duEalde,
360 3111 555 3152 Description
573 3111 610 3143 de
626 3112 657 3144 la
674 3112 771 3145 Chine
786 3116 816 3145 et
831 3113 869 3146 cle
884 3115 914 3146 la
936 3117 1005 3148 Tar-

72 3154 150 3184 tarie
171 3154 326 3191 chinoise;
351 3153 471 3185 Lellres
493 3153 675 3194 ealtfitmlcs;
699 3156 730 3185 G.
750 3157 846 3195 Pray.
864 3157 1005 3190 Historia

70 3195 365 3276 coglcpgegsipggm
381 3195 418 3226 de
431 3194 543 3227 rilihus
554 3194 681 3227 Simcis.
694 3198 805 3228 vestini
817 3198 905 3238 1789,
917 3199 1002 3231 in-80.

1866 171 1940 210 211

1054 258 1113 284 ses
1134 248 1181 284 ad
1204 247 1356 285 cultum
1387 247 1555 296 patrium
1576 247 1704 285 redire
1724 247 1843 285 iussit.
1866 247 1994 289 Quum

1053 301 1195 338 ethnici
1219 302 1435 338 mandarini
1453 302 1578 350 legem
1595 301 1839 349 imperatoris
1859 305 1995 338 contra

1054 354 1290 391 Christianos
1312 358 1508 404 urgerent,
1528 357 1690 392 cruenta
1706 354 1923 403 persecutio
1937 366 1995 391 se—

1054 411 1148 444 cuta
1167 411 1238 453 est,
1259 408 1450 456 multique
1479 420 1610 445 eorum
1644 409 1875 457 martyrium
1906 419 1996 455 per-

1058 461 1244 498 tulerunt.
1267 463 1377 498 Anno
1404 461 1501 498 1616
1522 461 1775 498 Fide-'radda
1796 461 1894 499 alias
1914 461 1993 499 Xo-

1056 525 1263 563 gunsama,
1292 513 1554 563 Dayfusamae
1584 514 1687 551 filius
1715 519 1754 551 et
1782 526 1995 560 successor,

1056 571 1205 616 patrem
1227 567 1457 604 crudelitate
1475 567 1568 604 vicit
1587 570 1625 604 et
1639 568 1838 604 severiora
1858 570 1994 605 contra

1054 620 1294 658 Christianos
1320 621 1446 657 edicta
1475 621 1753 669 promulgavit.
1783 621 1896 658 Tunc
1925 632 1994 669 per

1055 678 1178 710 totum
1208 673 1414 721 imperium
1454 674 1669 722 persecutio
1708 672 1748 712 in
1785 685 1850 711 eos
1879 684 1993 712 aucta

1053 729 1133 771 est,
1167 726 1354 775 supplicia
1387 727 1629 764 atrocissima
1657 729 1696 764 et
1726 728 1916 764 horrenda
1954 728 1990 764 in

1054 781 1219 825 eosdem,
1249 779 1330 816 sine
1359 791 1495 824 sexus,
1518 781 1657 817 aetatis
1678 784 1746 817 aut
1765 780 1994 818 conditionis

1053 833 1287 876 discrimine,
1304 833 1489 879 exercita,
1505 836 1544 871 et
1559 833 1670 881 plura
1686 834 1994 872 Christianorum

1053 887 1174 924 millia
1193 886 1398 923 interfecta
1429 889 1530 924 sunt.
1557 888 1668 924 Anno
1699 887 1800 924 1622
1829 887 1993 936 Xogun-

1053 952 1161 978 sama
1180 939 1381 989 imperium
1405 940 1520 976 cessit
1539 940 1862 989 Toxogunsamae
1876 971 1885 986 ,
1914 940 1994 978 filio

1053 1006 1135 1040 suo,
1157 993 1221 1042 qui
1252 995 1436 1041 paternae
1465 993 1706 1031 crudelitatis
1734 995 1882 1040 haeres,
1905 1006 1995 1043 per-

1054 1048 1293 1085 secutionem
1312 1047 1350 1083 in
1371 1046 1610 1084 Christianos
1641 1047 1895 1093 continuavit,
1918 1059 1995 1096 qua

1055 1102 1235 1144 durante,
1251 1100 1454 1137 innumera
1471 1111 1603 1136 eorum
1628 1100 1833 1137 multitudo
1854 1113 1994 1137 cruen-

1053 1154 1214 1192 tissimis
1233 1154 1430 1202 suppliciis
1452 1153 1669 1198 interfecta,
1696 1165 1757 1191 res
1786 1156 1825 1192 et
1854 1166 1994 1191 nomen

1054 1208 1310 1245 christianum
1333 1208 1371 1243 in
1394 1206 1553 1255 Iaponia
1574 1206 1702 1243 deleta
1723 1211 1825 1244 sunt.

1107 1260 1360 1310 Imperatoris
1379 1259 1584 1297 saevitiam
1614 1260 1865 1297 stimularunt
1894 1260 1995 1297 Hol-

1054 1314 1180 1359 landi,
1201 1314 1267 1363 qui
1288 1313 1471 1362 Hispanis
1492 1316 1532 1350 et
1551 1314 1750 1351 Lusitanis
1773 1314 1996 1351 commercii

1055 1368 1223 1417 Iaponici
1244 1373 1449 1415 quaestum
1466 1366 1750 1411 invidentes,et
1766 1367 1995 1416 Religionis,

1053 1433 1170 1470 quam
1191 1421 1262 1470 ipsi
1281 1421 1320 1457 in
1341 1421 1499 1468 Europa
1528 1432 1614 1458 cum
1642 1420 1900 1470 Hispanorum
1923 1422 1995 1457 do>-

1054 1476 1170 1512 minio
1190 1478 1465 1519 excusserant,
1487 1485 1713 1522 progressus
1733 1486 1850 1522 aegre
1871 1474 1996 1512 feren-

1053 1532 1124 1576 tes,
1144 1540 1204 1566 an.
1228 1527 1329 1565 1637
1359 1527 1473 1564 aulae
1503 1527 1707 1576 Iaponicae
1736 1528 1997 1565 exhibuerunt

1053 1583 1218 1627 litteras,
1238 1593 1261 1618 a
1289 1592 1327 1618 se
1350 1580 1548 1625 confictas,
1577 1581 1687 1629 quasi
1715 1593 1738 1618 a
1766 1582 1994 1619 centurione

1054 1636 1220 1685 quodam
1242 1635 1440 1679 Lusitano,
1459 1638 1549 1671 nato
1564 1634 1788 1682 Iaponensi,
1817 1635 1994 1684 scriptas,

1054 1691 1090 1726 in
1113 1689 1253 1737 quibus
1273 1698 1401 1724 sermo
1421 1690 1507 1724 erat
1536 1688 1583 1724 de
1609 1688 1879 1725 coniuratione
1899 1701 1996 1725 con·-

1057 1746 1119 1780 tra
1138 1743 1430 1791 imperatorem,
1451 1753 1472 1777 a
1493 1741 1721 1778 Christianis
1746 1754 1817 1790 ope
1838 1742 1998 1779 Lusita-

1055 1807 1190 1833 norum
1213 1795 1432 1832 excitanda.
1454 1794 1564 1831 Tunc
1592 1795 1898 1843 Toxogunsama
1917 1807 1996 1833 ma-

1053 1850 1123 1886 iori
1154 1848 1386 1885 crudelitate
1414 1848 1452 1884 in
1475 1847 1713 1885 Christianos
1743 1848 1996 1887 saeviendum

1055 1902 1269 1946 mandavit,
1300 1912 1477 1948 novaque
1507 1902 1592 1949 lege
1621 1913 1681 1938 an.
1715 1902 1816 1940 1639
1845 1902 1996 1940 cunctis

1054 1955 1296 2004 alienigenis,
1326 1955 1444 1992 etiam
1473 1955 1695 1992 commercii
1724 1967 1857 2000 causa,
1886 1957 1994 1993 aditu

1054 2011 1091 2046 in
1108 2008 1314 2057 imperium
1330 2008 1400 2044 sub
1417 2019 1537 2055 poena
1555 2009 1689 2046 mortis
1709 2008 1748 2045 in
1765 2014 1994 2058 perpetuum

1054 2061 1376 2108 interdixit3801is
1389 2061 1590 2098 Hollandis
1605 2062 1644 2098 in
1660 2063 1827 2110 quodam
1843 2062 1993 2100 insulae

1056 2114 1377 2153 Desimensisloco
1393 2119 1652 2152 mercaturam
1669 2127 1756 2153 cum
1773 2116 1994 2164 Iaponensi-

1053 2170 1123 2207 bus
1139 2169 1266 2206 facere
1282 2168 1480 2205 concessit.
1495 2169 1812 2206 Persecutionem
1827 2170 1884 2207 ita
1900 2181 1993 2217 pro-

1053 2227 1211 2260 secutus
1226 2226 1296 2267 est,
1315 2224 1356 2258 ut
1372 2224 1457 2270 post
1473 2221 1557 2258 eius
1574 2224 1734 2259 mortem
1745 2222 1882 2272 (1650)
1897 2235 1995 2271 pau-

1053 2276 1194 2314 cissimi
1226 2277 1474 2324 superessent
1502 2275 1731 2312 Christiani:
1758 2276 1894 2324 quibus
1922 2277 1994 2313 sub

1051 2331 1133 2366 eius
1153 2340 1372 2366 successore
1394 2329 1456 2365 vel
1475 2328 1692 2366 interfectis
1722 2330 1785 2366 vel
1816 2329 1994 2376 mortuis,

1051 2383 1290 2420 christianae
1327 2381 1525 2430 religionis
1553 2381 1722 2420 cultores
1764 2382 1802 2419 in
1838 2382 1995 2431 Iaponia

1051 2436 1280 2474 defecerunt
1300 2434 1325 2472 ¹.

1103 2490 1165 2527 94.
1182 2490 1388 2527 Ecclesiae
1406 2493 1539 2525 status
1555 2490 1597 2525 in
1609 2488 1844 2525 Gallia—In
1860 2487 1992 2527 Gallia

1051 2546 1135 2593 post
1154 2542 1368 2579 Henricum
1379 2541 1446 2588 IV,
1463 2553 1523 2579 an.
1548 2542 1648 2578 1610
1669 2541 1915 2588 exstinctum,
1933 2554 1991 2580 re-

1050 2596 1186 2646 gnavit
1214 2595 1434 2632 Ludovicus
1465 2595 1576 2640 XIII,
1604 2594 1705 2631 filius
1734 2595 1834 2640 eius,
1867 2608 1987 2644 usque

1051 2651 1098 2687 ad
1119 2661 1263 2686 annum
1287 2649 1399 2686 1643.
1419 2648 1499 2685 Sub
1520 2649 1601 2685 eius
1628 2647 1850 2696 principatu
1871 2654 1910 2685 et
1930 2650 1990 2686 ci-

1050 2703 1135 2740 vilis
1155 2705 1195 2740 et
1214 2702 1476 2740 ecclesiastica
1496 2701 1730 2750 prosperitas
1759 2703 1992 2749 perturbata

1050 2756 1136 2802 fuit,
1156 2758 1238 2793 tum
1260 2755 1466 2793 contrariis
1486 2754 1625 2791 studiis
1654 2753 1814 2791 Henrici
1844 2755 1989 2793 Condei

1049 2812 1088 2847 et
1115 2809 1293 2853 aliorum,
1323 2809 1389 2857 qui
1419 2806 1568 2845 Mariae
1597 2806 1797 2844 Mediceae
1826 2808 1990 2857 reginae

1048 2863 1184 2900 matris
1214 2862 1405 2911 regimen,
1434 2860 1561 2897 adhuc
1589 2859 1789 2908 impubere
1808 2872 1920 2910 rege,
1950 2865 1991 2900 et

1048 2916 1205 2954 Concini
1219 2915 1389 2952 d'Ancre
1406 2915 1444 2950 in
1461 2912 1622 2957 concilio
1639 2913 1744 2961 regio
1760 2914 1990 2953 violentiam

1048 2981 1162 3018 aegre
1177 2969 1369 3013 ferebant,
1381 2969 1466 3003 tum
1480 2965 1748 3004 rebellionibus
1759 2968 1989 3017 Hugonoto-

1089 3077 1099 3098 ¹
1118 3073 1307 3110 Charlevoix,
1324 3071 1404 3103 Hist.
1433 3075 1464 3104 el
1487 3070 1638 3112 descript.
1654 3071 1696 3103 du
1713 3072 1831 3113 ιΙιιροης
1856 3074 1990 3113 Crasset,

1048 3117 1191 3150 Histoire
1207 3115 1249 3145 (lu
1264 3114 1384 3154 Jup0n;
1400 3114 1549 3154 Trigault,
1568 3113 1610 3144 De
1625 3113 1823 3145 christianis
1842 3114 1928 3155 apud
1945 3115 1989 3147 Ia-

1045 3159 1180 3200 ponicos
1204 3155 1395 3195 tr·iumplzis;
1411 3156 1541 3186 Sardino
1556 3179 1563 3192 ‚
1583 3153 1757 3195 catalogus
1782 3156 1989 3196 reqularium

1045 3204 1075 3232 et
1091 3198 1321 3234 saecularium,
1335 3197 1392 3237 qui
1408 3197 1439 3227 in
1456 3196 1592 3236 Iaponia
1607 3196 1666 3227 sub
1680 3199 1823 3237 quatuor
1840 3199 1989 3239 tyrannis

1049 3243 1084 3274 in
1099 3240 1212 3273 odium
1228 3238 1328 3270 Fidei
1339 3237 1480 3270 violenta
1496 3239 1600 3269 morte
1615 3237 1741 3270 sublati
1756 3241 1843 3270 sunl.

1767 3292 1776 3303 .
