2241 3473
190 132 241 170 94

142 219 190 244 no
206 207 372 255 quodam
385 208 500 254 atque
515 205 688 242 inaudito
703 202 886 251 martyrii
897 201 1088 239 desiderio

139 259 324 305 excitati,
345 263 412 296 aut
432 259 505 307 ipsi
526 258 597 295 sibi
617 257 808 294 violentas
829 267 965 292 manus
984 254 1088 291 infe-

139 314 279 350 rebant
300 315 366 349 aut
388 311 495 355 alios,
515 309 719 348 violentias
739 310 794 346 eis
809 308 1010 345 inferendo
1028 308 1088 344 vel

140 365 368 409 minitando,
385 365 432 401 ad
452 376 492 401 se
513 363 730 400 enecandos
748 362 968 410 adigebant.
990 361 1084 399 Con-

139 422 257 464 stans,
286 417 531 455 Constantini
558 417 611 453 M.
642 415 760 461 filius,
781 415 842 452 cui
863 418 949 463 post
968 415 1089 463 patris

141 472 290 509 obitum
318 470 450 507 Africa
479 469 686 518 obtigerat,
715 481 738 505 a
768 469 891 505 Grato
911 467 1088 517 episcopo

140 523 437 572 Carthaginensi
465 527 601 560 contra
622 522 914 559 Donatistarum
935 520 1087 558 violen-

141 578 214 615 tias
235 576 519 624 interpellatus,
540 576 776 614 clarissimos
798 575 900 613 viros
919 574 1089 612 Paulum

141 633 180 667 et
200 630 419 667 Macarium
439 630 477 665 in
498 628 673 667 Africam
694 629 813 675 misit,
835 629 898 678 qui
921 627 1090 677 pecunia

140 687 179 720 et
198 682 396 720 beneficiis
417 683 647 720 dissidentes
663 683 709 720 ad
728 694 863 731 pacem
881 684 919 719 et
936 693 1090 718 concor-

140 736 245 774 diam
275 747 364 772 cum
385 735 592 774 Catholicis
617 732 830 773 allicerent.
852 735 1003 773 Verum
1021 736 1091 771 Do-

140 788 377 826 natistarum
397 789 528 834 duces,
544 789 774 838 praesertim
792 790 966 826 Donatus
982 800 1090 837 pseu-

141 842 406 891 do-episcopus
426 842 760 892 Carthaginensis,
782 843 912 879 omnia
932 853 1090 879 concor-

142 896 228 932 diae
248 895 409 933 consilia
431 896 662 942 reiecerunt,
683 897 820 934 turbas
841 895 1065 933 excitarunt
1083 924 1092 940 ,

141 951 387 997 armatosque
403 950 729 988 circumcelliones
745 949 886 998 legatis
902 948 1092 986 caesareis

141 1014 333 1051 opponere
354 1003 439 1040 ausi
459 1006 559 1041 sunt.
581 1005 633 1041 At
651 1016 741 1041 vero
758 1002 1092 1040 circumcelliones

143 1056 190 1093 ab
211 1056 386 1094 exercitu
406 1068 589 1094 caesareo
606 1056 744 1106 fugati,
761 1068 981 1105 magnaque
997 1059 1094 1093 stra-

141 1121 188 1158 ge
208 1109 340 1147 affecti
361 1113 473 1156 sunt,
495 1111 701 1148 rebellium
722 1111 841 1148 duces
862 1109 987 1158 capite
1008 1109 1092 1158 ple-

142 1163 194 1208 xi,
224 1163 516 1201 Donatistarum
547 1164 714 1212 episcopi
742 1163 927 1212 relegati,
957 1174 1092 1200 eorum

141 1216 325 1254 ecclesiae
336 1217 545 1254 Catholicis
563 1217 748 1263 traditae,
769 1217 976 1264 omniaque
996 1216 1091 1253 reli-

141 1270 266 1318 gionis
286 1270 476 1308 exercitia
496 1270 542 1308 iis
564 1271 744 1319 adempta
765 1270 925 1307 fuerint.
947 1271 1031 1307 Hoc
1054 1270 1091 1306 in

141 1326 247 1361 statu
274 1324 567 1361 Donatistarum
596 1335 659 1361 res
691 1326 991 1372 permanserunt
1019 1324 1088 1361 sub

142 1377 353 1414 Constante
375 1381 413 1414 et
434 1377 658 1414 Constantio
681 1389 802 1426 usque
819 1377 866 1414 ad
884 1377 1092 1425 imperium

141 1430 281 1467 Iuliani
301 1431 580 1480 apostatae,qui
601 1443 662 1468 an.
676 1430 751 1468 361
769 1431 996 1468 Costantino
1012 1442 1092 1468 suc-

144 1484 261 1521 cessit
277 1481 301 1521 ¹.

196 1538 351 1574 Interea
380 1538 524 1574 Gratus
542 1538 747 1587 episcopus
769 1537 1092 1586 Carthaginensis

143 1590 292 1628 an.348
306 1592 499 1640 synodum
516 1591 786 1640 episcoporum
804 1591 944 1640 coegit,
960 1591 998 1628 in
1017 1603 1094 1639 qua

143 1644 189 1681 ad
217 1645 497 1682 restituendam
523 1644 766 1693 disciplinam
787 1644 1092 1682 ecclesiasticam

144 1697 238 1734 editi
253 1702 344 1735 sunt
368 1699 414 1735 14
435 1710 601 1735 canones
614 1697 641 1736 ².

201 1751 258 1789 18.
273 1753 507 1789 Arz'am'smz'
520 1757 583 1789 sta
590 1757 653 1789 ms
666 1756 759 1800 post
775 1751 1095 1789 Constantinum

147 1805 204 1841 M.
220 1827 266 1831 —
281 1805 411 1853 Supra
426 1805 702 1854 perpendimus
719 1804 933 1842 Arianismi
948 1806 1091 1842 statum

146 1869 266 1906 usque
286 1859 335 1895 ad
356 1862 519 1896 mortem
537 1858 782 1897 Constantini
802 1858 854 1896 M.
873 1856 898 1896 ³.
919 1858 1013 1896 Mox
1028 1870 1092 1896 se-

146 1911 258 1948 ctarii
281 1912 409 1949 omnia
429 1914 645 1957 tentarunt,
667 1916 710 1949 ut
730 1911 1001 1950 Constantium
1018 1912 1093 1949 im-

147 1967 365 2012 peratorem
386 1965 556 2003 Orientis
576 1966 614 2002 in
633 1969 762 2014 partes
780 1977 868 2003 suas
885 1966 1091 2014 pertrahe-

145 2022 245 2055 rent.
279 2018 409 2056 Primo
438 2019 593 2067 quidem
623 2019 708 2056 eius
729 2019 879 2065 aulicis,
900 2019 1038 2056 deinde
1058 2018 1093 2056 ei

146 2071 216 2120 ipsi
240 2075 531 2121 persuaserunt,
547 2075 705 2121 propter
721 2073 845 2110 solum
862 2072 1094 2110 vocabulum

147 2129 331 2173 ὸμοὸσιοςῖι
344 2126 544 2174 Scriptura
559 2130 693 2163 sancta
705 2126 889 2172 alienum,
901 2126 1092 2164 Christia-

148 2192 214 2216 nos
243 2181 338 2217 a‹lco
364 2179 578 2216 dissentire.
601 2180 811 2217 Conciliato
832 2179 905 2217 sibi
924 2180 1093 2229 impera-

148 2241 243 2279 tore,
260 2232 466 2270 Catholicis
483 2233 711 2281 praevalerc
731 2237 770 2271 et
789 2233 1017 2283 praecipuas
1033 2246 1095 2271 sc-

148 2287 212 2323 ‹les
241 2286 477 2335 episcopales
507 2287 600 2322 viris
621 2298 712 2323 suae
733 2286 912 2324 factionis
933 2299 1092 2336 compa-

147 2352 233 2377 rare
255 2340 323 2377 nisi
343 2345 443 2377 sunt.
466 2340 509 2376 In
531 2339 663 2387 primis
687 2340 731 2377 I).
756 2340 922 2377 Paulum
944 2342 1092 2389 episco-

149 2405 235 2441 pum
257 2393 404 2442 Cpnum
426 2393 527 2442 apud
548 2393 820 2441 imperatorem
843 2397 1090 2440 accusarunt,

147 2447 246 2495 quod
278 2450 435 2495 praeter
465 2446 546 2483 cius
576 2451 615 2482 ct
643 2447 834 2483 Theodori
862 2448 1088 2496 metropoli-

147 2507 208 2537 tae
230 2499 501 2538 Heracleensis
522 2511 749 2536 conscnsuni
778 2500 913 2537 fuisset
933 2501 1089 2538 ordina-

147 2557 223 2600 tus,
252 2557 292 2591 et
321 2557 476 2602 propter
506 2564 666 2600 pravam
698 2553 818 2589 vitam
849 2554 1090 2603 episcopatus

148 2607 290 2645 honore
317 2610 418 2646 essct
447 2606 639 2654 indignus.
670 2606 818 2648 Quibus
850 2607 963 2644 sactis
992 2620 1091 2644 anno

146 2662 222 2697 3:59
241 2661 404 2698 l'aulum
435 2661 721 2709 deposuerunt,
744 2663 782 2696 et
802 2660 839 2696 in
861 2660 944 2697 eius
965 2661 1088 2698 locuni

146 2713 388 2751 intruserunt
418 2715 628 2751 Eusebium
650 2713 1003 2758 Nicomediensem,
1034 2716 1089 2750 A-

149 2766 344 2805 rianorum
376 2772 516 2816 caput,
544 2780 566 2805 a
586 2779 660 2815 quo
681 2767 716 2803 hi
741 2767 947 2804 Eusebiani
972 2767 1086 2804 etiam

150 2819 387 2857 dicebantur.
411 2823 461 2859 At
482 2821 666 2858 continuo
689 2820 774 2857 odio
796 2820 991 2868 potissime
1008 2833 1091 2869 pro-

145 2874 408 2921 sequebantur
427 2889 454 2912 s.
476 2874 733 2912 Athanasium
758 2873 1020 2922 patriarcham
1041 2876 1088 2910 A·

147 2926 438 2973 lexandrinum,
461 2928 757 2965 invictissimum
779 2926 975 2964 Nicacnac
1000 2927 1086 2964 fidei

189 3085 301 3117 *caret
328 3088 423 3123 Non-is,
449 3087 602 3118 Historia
627 3087 914 3124 Damnatis-tarum,
940 3087 972 3118 ll.
998 3086 1089 3117 Vale-

147 3127 220 3164 sins,
239 3129 421 3159 liis-sertae.
439 3130 478 3159 tlt·
493 3130 679 3159 schismate
696 3129 871 3160 Donutist.

187 3168 200 3188 ²
217 3170 326 3207 Lahlw,
346 3170 468 3201 Ccmcil.
487 3175 503 3201 ί.
523 3173 554 3207 ΙΙ,
573 3182 600 3209 p.
617 3170 649 3201 71
664 3170 685 3201 i.

187 3211 199 3230 ·¹
216 3211 278 3241 vid.
297 3222 326 3251 p.
341 3214 388 3243 58.

148 2985 484 3029 propugnatorem.
507 2984 633 3023 Quam
654 2981 782 3027 fidem,
802 2983 931 3018 stante
953 2980 1017 3018 illa
1033 2993 1089 3017 co·
1142 3006 1147 3007 ν

622 140 777 168 ΕΡΟΟΗΑ
806 139 863 166 111.
893 138 919 164 A
947 137 1228 165 CONVERSIONE
1258 138 1527 169 CONSTANTINI
1556 141 1599 168 M.

1131 201 1281 251 lumna,
1297 204 1365 243 vix
1386 205 1498 244 obrui
1518 218 1628 256 posse
1653 207 1866 254 censentes,
1879 206 2022 244 iterum
2038 206 2089 244 A-

1132 256 1312 296 thanasio
1341 259 1452 297 varia
1481 259 1658 305 crimina,
1693 259 1834 308 quibus
1860 259 2087 298 Constantio

1134 309 1285 349 invisus
1318 312 1548 350 redderetur
1561 343 1570 360 ,
1611 312 1868 360 affinxerunt,
1901 313 2087 350 nimirum

1132 365 1234 411 quod
1251 365 1334 402 eius
1356 366 1404 403 ad
1425 366 1629 404 ecclesiam
1652 366 1958 403 Alexandrinam
1979 365 2087 403 redi-

1131 418 1197 454 tus
1224 418 1357 467 magni
1377 420 1565 457 moeroris
1595 419 1852 468 graviumque
1875 420 2088 457 turbarum

1129 470 1168 506 in
1189 471 1284 508 urbe
1301 484 1420 510 causa
1438 472 1604 519 fuisset3
1632 472 1733 521 quod
1754 472 1904 510 reditus
1936 475 1979 510 et
1997 472 2087 510 fru-

1132 527 1280 571 menta,
1310 537 1333 562 a
1361 526 1616 564 Constantino
1645 525 1698 563 M.
1719 524 1869 562 clericis
1889 527 1930 563 et
1954 524 2088 563 viduis

1132 577 1338 624 destinata,
1349 578 1389 615 in
1407 580 1580 629 proprios
1594 591 1684 616 usus
1696 580 1956 624 converteret3
1972 579 2090 627 quod-

1131 642 1205 679 que
1225 642 1248 668 a
1267 633 1416 680 synodo
1447 633 1719 684 (conciliabulo
1748 631 1948 681 Tyriensi)
1973 633 2087 680 depo-

1131 684 1240 730 situs,
1268 686 1352 722 sine
1373 698 1472 723 novo
1493 687 1764 736 episcoporum
1783 684 1925 722 iudicio
1955 685 2004 722 ad
2023 696 2088 722 se-

1131 738 1219 774 dem
1234 750 1347 775 suam
1363 740 1553 777 rediisset.
1567 739 1874 777 Accusationum
1893 736 2022 787 capita
2040 738 2089 775 ad

1130 791 1257 840 ipsum
1284 791 1431 830 Iulium
1452 794 1673 831 Romanum
1705 792 1926 842 pontificem
1947 802 2017 840 per
2036 790 2089 828 le-

1131 848 1243 893 gatos
1269 845 1505 892 detulerunt,
1534 846 1790 895 postulantes,
1820 849 1864 882 ut
1882 843 2089 883 Athanasii

1131 910 1288 936 causam
1318 899 1357 935 in
1386 901 1534 949 synodo
1563 900 1765 937 iudicaret.
1794 898 1975 948 Episcopi
1993 908 2089 936 vero

1130 951 1300 1000 AEgypti
1316 955 1355 989 et
1369 953 1530 1002 Lybiae,
1541 954 1675 990 eodem
1693 965 1752 990 an.
1774 952 1851 991 339
1862 963 2005 1001 magno
2022 963 2088 988 nu-

1130 1016 1236 1042 mero
1268 1005 1532 1044 Alexandriae
1553 1006 1777 1055 congregati
1792 1035 1801 1051 ,
1825 1005 2089 1043 Athanasium

1131 1059 1178 1096 ab
1194 1058 1332 1096 affictis
1344 1060 1378 1096 ei
1390 1060 1619 1097 criminibus
1631 1060 1802 1096 alienum
1827 1058 2089 1104 declararunt,

1133 1111 1365 1163 litterasque
1380 1113 1625 1150 innocentiae
1642 1113 1726 1150 eius
1743 1112 1866 1150 testes
1886 1111 1934 1149 ad
1946 1111 2089 1148 Iulium

1134 1166 1202 1214 Pp.
1237 1166 1440 1204 miserunt.
1478 1166 1661 1204 Pontifex
1699 1165 1843 1203 auditis
1886 1164 2089 1212 utriusque

1134 1218 1254 1268 partis
1275 1219 1428 1268 legatis,
1449 1232 1508 1257 an.
1531 1219 1609 1257 340
1630 1220 1780 1257 Romae
1807 1218 2003 1267 synodum
2023 1217 2088 1255 in-

1133 1272 1254 1318 dixit,
1275 1274 1323 1310 ad
1344 1285 1461 1321 quam
1483 1274 1617 1310 ambas
1636 1274 1767 1322 partes
1793 1271 1988 1310 evocavit.
2009 1271 2089 1309 Pa-

1132 1326 1213 1363 ruit
1242 1327 1479 1364 Athanasius
1496 1356 1505 1372 ,
1535 1327 1780 1375 Romamque
1815 1325 1864 1363 ad
1886 1324 2089 1362 dicendam

1134 1391 1294 1417 causam
1313 1391 1423 1417 suam
1444 1379 1641 1428 profectus
1661 1385 1732 1417 est.
1754 1378 1965 1417 Eusebiani
1980 1389 2088 1425 vero,

1136 1433 1399 1482 desperantes,
1414 1445 1454 1470 se
1474 1434 1625 1470 Romae
1640 1432 1757 1470 finem
1777 1444 1889 1470 suum
1906 1443 2089 1470 consecu-

1133 1488 1258 1533 turos,
1280 1487 1398 1524 variis
1418 1487 1602 1535 quaesitis
1621 1487 1891 1535 praetextibus
1912 1486 1960 1523 ad
1976 1497 2089 1535 syno-

1136 1541 1246 1586 dum,
1273 1552 1390 1588 quam
1410 1540 1483 1590 ipsi
1498 1540 1746 1589 postularant
1762 1570 1772 1587 ,
1792 1540 1927 1577 venire
1949 1539 2087 1577 detre-

1136 1596 1304 1631 ctarunt.

1189 1647 1302 1684 Auno
1328 1647 1403 1684 341
1426 1646 1595 1696 episcopi
1619 1646 1778 1684 circiter
1802 1646 1853 1685 90
1873 1645 2088 1684 Constantii

1137 1700 1384 1749 imperatoris
1412 1701 1520 1738 iussu
1550 1702 1818 1738 convenerunt
1837 1699 2088 1738 Antiochiam

1137 1754 1183 1791 ad
1223 1754 1451 1791 sollemnem
1491 1754 1776 1792 dedicationem
1819 1752 2090 1803 augustissimi

1138 1807 1286 1856 templi,
1307 1820 1329 1845 a
1345 1808 1602 1845 Constantino
1622 1807 1676 1846 M.
1693 1807 1819 1857 coepti
1841 1810 1881 1845 et
1900 1807 2086 1845 Constan-

1137 1861 1182 1898 tii
1202 1862 1306 1898 curis
1327 1861 1506 1899 absoluti.
1528 1862 1697 1899 Peracta
1715 1860 1958 1898 dedicatione
1973 1872 2089 1910 syno-

1139 1915 1231 1952 dum
1259 1915 1401 1952 ibidem
1427 1915 1691 1952 celebrarunt.
1726 1915 1784 1952 Ex
1812 1914 1870 1952 his
1900 1913 2089 1963 episcopis

1139 1968 1203 2014 36,
1218 1980 1307 2005 secu
1315 1968 1431 2005 ndum
1448 1968 1543 2006 alios
1559 1968 1623 2013 40,
1635 1970 1748 2005 erant
1764 1967 1902 2014 ariani,
1917 1966 1983 2016 qui
2000 1979 2089 2005 cum

1138 2034 1178 2059 se
1199 2021 1282 2058 Arii
1303 2024 1515 2059 sectatores
1537 2021 1665 2071 palam
1681 2023 1885 2071 negarent,
1910 2023 1949 2059 et
1967 2020 2089 2058 since-

1139 2087 1202 2112 ros
1231 2075 1320 2112 fidei
1353 2077 1391 2111 et
1421 2087 1574 2112 morum
1594 2075 1766 2112 vindices
1788 2087 1828 2112 se
1848 2073 2087 2124 profiteren-

1139 2132 1215 2175 tur,
1227 2129 1367 2166 mirum
1385 2141 1458 2165 non
1475 2131 1546 2174 cst,
1558 2129 1754 2177 episcopos
1771 2128 1982 2166 catholicos
1999 2140 2087 2166 cum

1138 2182 1182 2219 iis
1221 2182 1259 2218 in
1296 2182 1416 2219 sacris
1453 2184 1727 2220 encaeniorum
1759 2181 2086 2220 sollemnitatibus

1138 2235 1447 2273 communicasse
1488 2239 1604 2285 atque
1638 2237 1675 2273 in
1711 2235 1903 2284 synodum
1938 2234 2086 2272 coiisse.

1140 2290 1287 2326 Extant
1303 2291 1374 2327 sub
1390 2289 1507 2327 huius
1524 2290 1660 2339 synodi
1680 2289 1830 2326 nomine
1846 2289 2085 2335 25canones‚

1139 2343 1174 2379 in
1205 2343 1343 2390 quibus
1372 2344 1516 2388 multa,
1547 2343 1773 2393 disciplinae
1802 2341 2087 2380 ecclesiasticae

1139 2396 1364 2442 utilissima,
1393 2399 1641 2441 statuuntur,
1670 2408 1841 2445 quosque
1872 2395 2088 2433 Chalcedo-

1136 2450 1265 2487 nensis
1281 2450 1433 2487 concilii
1450 2454 1580 2500 patres
1597 2450 1622 2494 ²,
1633 2449 1840 2487 Zacharias
1852 2447 1940 2497 Pp.2
1957 2449 2087 2487 etLeo

1137 2504 1190 2541 IV
1207 2504 1220 2523 ³
1250 2504 1586 2541 commendarunt.
1619 2504 1766 2541 Verum
1796 2502 1940 2540 eruditi
1963 2502 2088 2540 critici

1135 2557 1377 2603 existimant,
1407 2570 1471 2595 eos
1500 2569 1665 2595 canones
1695 2569 1768 2594 non
1800 2557 1838 2593 iu
1861 2556 1933 2593 hac
1953 2556 2021 2593 sed
2047 2556 2086 2593 in

1135 2611 1212 2647 alia
1238 2611 1386 2660 synodo
1414 2611 1680 2655 Antiochena,
1706 2622 1807 2648 anno
1833 2609 1990 2647 circiter
2008 2609 2087 2647 332

1134 2664 1279 2709 habita,
1292 2664 1413 2701 fuisse
1430 2665 1615 2711 conditos3
1632 2667 1748 2712 atquc
1770 2665 2009 2713 praesentem
2027 2673 2088 2711 sy-

1136 2718 1277 2754 nodum
1295 2730 1368 2754 non
1385 2718 1674 2756 Catholicorum
1684 2717 1890 2755 concilium
1899 2716 1962 2754 sed
1976 2717 2087 2753 Aria-

1135 2782 1272 2807 norum
1302 2772 1623 2816 conciliabulum,
1653 2774 1736 2809 tum
1774 2774 1929 2820 propter
1963 2769 2084 2817 depo-

1134 2823 1249 2860 situm
1271 2824 1308 2860 in
1329 2836 1375 2861 ea
1392 2826 1666 2870 Athanasium,
1684 2829 1769 2862 tum
1786 2824 1943 2873 propter
1959 2821 2084 2860 editas

1134 2877 1239 2913 Fidei
1262 2877 1458 2925 formulas,
1480 2879 1675 2927 appellant
1691 2878 1716 2915 ⁴.
1738 2876 1986 2915 Clarissimus
2013 2875 2085 2912 Pa-

1133 2930 1169 2977 gi
1192 2942 1274 2967 rem
1295 2932 1502 2970 conciliare
1523 2934 1687 2970 conatur
1706 2929 1936 2976 asserendo,
1961 2940 2083 2979 syno-

1173 3047 1182 3067 ¹
1202 3049 1271 3079 Art.
1289 3049 1332 3079 lV.

1172 3089 1184 3109 2'
1202 3089 1300 3127 Epist
1314 3116 1320 3127 ,
1335 3091 1380 3121 ad
1397 3090 1517 3131 Pipin.

1173 3131 1186 3149 ³⁴
1204 3131 1328 3170 synod.
1347 3133 1493 3164 Roman.

1171 3173 1182 3193 ⁴
1199 3173 1369 3209 'silit-umut,
1387 3174 1502 3205 ΑηιιυΙ.
1515 3173 1554 3204 ⁶26
1570 3173 1609 3203 :ul
1629 3172 1710 3204 Ilisc.
1728 3171 1935 3209 .-1r·ian.;1·*F.
1950 3171 2079 3203 Ballou-i-

1130 3213 1169 3250 ni,
1187 3214 1328 3255 Append.
1347 3216 1386 3246 ad
1404 3216 1518 3256 Opera
1533 3226 1558 3246 s.
1577 3213 1702 3246 Leonis
1720 3213 1763 3244 M.
1782 3217 1800 3244 t.
1818 3214 1864 3245 ΙΙΙ.
