2241 3473
271 80 346 118 124

217 155 304 193 idus
332 154 488 204 augusti
519 153 646 201 1445,
675 155 722 191 ad
751 154 946 191 unitatem
975 153 1087 191 Fidei
1116 156 1156 191 et

217 208 525 246 communionem
537 208 738 244 Romanae
750 206 949 244 Ecclesiae
964 206 1121 244 admisit
1131 205 1154 244 ².

269 262 334 299 Sic
353 262 509 298 demum
529 259 733 297 concilium
754 259 1037 306 Florentinum,
1058 259 1156 296 Fer-

215 315 344 352 rariae
381 316 559 362 coeptum
576 343 585 360 ,
621 314 771 350 Romae
809 313 1029 350 absolutum
1068 311 1154 350 fuit.

215 367 316 404 Illud
336 378 419 404 esse
440 377 532 403 vere
553 365 840 403 oecumenicum
858 369 898 402 et
915 377 938 402 a
954 365 1040 402 RR.
1060 366 1157 402 Pon-

214 419 384 457 tificibus
411 422 529 467 atque
559 419 607 456 ab
647 419 830 456 universa
858 418 1031 456 Ecclesia
1061 423 1155 455 con-

214 475 364 510 stanter
391 483 460 520 pro
490 472 734 510 oecumenico
763 469 960 517 habitum,
989 483 1155 509 consen-

214 525 317 563 tiunt
345 537 476 562 omnes
504 525 694 563 Catholici
715 525 742 563 ².
770 525 957 564 Nonnulli
985 527 1155 572 censent,

215 578 432 616 Concilium
447 577 716 616 Florentinum
731 578 850 616 fuisse
866 579 1155 616 oecumenicum

215 643 332 680 usque
352 632 400 669 ad
422 631 660 669 Graecorum
690 632 917 670 discessum:
938 644 984 669 ea
1005 631 1154 678 deinde,

212 696 312 733 quae
331 687 467 734 postea
495 688 583 723 acta
609 688 699 723 sunt
718 689 757 724 et
777 685 999 723 Florentiae
1020 687 1060 722 et
1079 686 1154 722 Ro-

210 749 310 785 mae,
339 749 426 775 cum
455 738 522 775 illo
550 740 704 777 nomine
732 742 887 777 tantum
916 751 991 775 non
1021 742 1153 776 aucto-

211 792 333 829 ritate
363 792 539 829 connecti
559 792 600 840 33
629 792 696 830 alii
726 804 818 830 vero
845 793 991 830 rectius
1019 792 1153 829 conci-

210 844 305 882 lium
334 844 441 882 istud
469 847 554 883 tum
584 849 670 895 post
697 850 782 883 tum
802 848 892 883 ante
913 846 1153 883 Graecorum

213 898 427 936 discessum
447 899 738 937 oecumenicum
768 899 903 937 dicunt
923 898 950 937 4.
972 899 1070 936 Cum
1089 910 1154 936 au-

209 954 290 990 tem
317 951 356 989 in
386 952 460 989 hoc
488 953 650 990 concilio
679 953 854 991 damnati
883 952 960 990 sint
988 963 1154 999 errores,

211 1016 307 1054 quos
343 1005 529 1044 haeretici
563 1018 665 1043 saec.
695 1007 792 1044 XVI
820 1006 1154 1052 instauraverunt,

209 1058 351 1096 mirum
368 1071 443 1096 non
461 1062 533 1105 est,
547 1059 821 1098 Mosheimium
840 1060 1012 1109 aliosque
1033 1072 1054 1096 e
1071 1071 1152 1108 pro-

210 1112 440 1150 testantium
482 1113 770 1151 haereticorum
809 1125 951 1162 genere
989 1114 1153 1163 scripto-

212 1177 274 1203 res
304 1166 351 1203 de
381 1166 615 1204 auctoritate
647 1167 801 1204 concilii
839 1166 1056 1205 Florentini
1085 1168 1153 1204 de-

210 1219 391 1258 traxisse.

263 1273 327 1311 23.
348 1274 581 1311 Basileense
594 1274 833 1312 schisma—
845 1274 1059 1322 Postquam
1078 1285 1156 1311 ma-

210 1326 268 1364 ior
301 1326 566 1375 praelatorum
596 1338 685 1376 pars
713 1339 800 1365 cum
826 1327 966 1377 legatis
996 1331 1155 1376 aposto-

211 1380 310 1427 licis,
330 1379 469 1418 relicta
500 1381 657 1418 Basilea
672 1410 682 1427 ,
703 1393 743 1418 se
763 1381 993 1419 contulisset
1011 1381 1155 1419 Ferra-

210 1432 485 1480 riam,factiosi
502 1435 691 1472 sessiones
708 1446 799 1473 suas
819 1435 1014 1484 prosecuti
1027 1434 1154 1473 sunt5.

210 1486 315 1524 Sess.
335 1486 489 1532 XXIX,
509 1486 567 1524 1v⁰
587 1488 672 1526 idus
706 1489 875 1526 octobris
905 1488 1019 1536 1437,
1040 1489 1156 1526 Basi-

209 1540 352 1578 leensis
371 1540 523 1578 concilii
552 1541 849 1580 dissolutionem
869 1546 907 1580 et
925 1542 1154 1580 translatio-

208 1605 295 1631 nem
316 1594 469 1632 irritam
504 1595 715 1642 dixerunt,
735 1598 774 1633 et
794 1596 970 1645 Eugenio
992 1595 1063 1645 Pp.
1083 1607 1152 1633 su·-

209 1647 454 1697 spensionem
463 1650 579 1697 atque
599 1647 883 1698 depositionem
895 1649 1031 1687 minati
1050 1651 1153 1696 sunt,

214 1701 287 1739 nisi
306 1701 412 1739 intra
431 1705 556 1740 statos
576 1714 732 1740 menses
748 1703 950 1741 decretum
966 1715 1078 1741 suum
1099 1714 1156 1740 re-

211 1757 381 1792 vocaret.
411 1755 513 1794 sess,
543 1756 661 1794 XXX
679 1786 688 1803 ,
709 1755 754 1794 x⁰
773 1757 955 1794 calendas
975 1756 1156 1803 ianuarii,

211 1807 536 1855 declaraverunt,
551 1809 670 1848 laicos
691 1814 731 1847 et
751 1810 914 1848 clericos
935 1822 1012 1848 non
1033 1821 1155 1848 sacer-

213 1861 334 1908 dotes,
350 1873 422 1898 non
440 1862 562 1900 teneri
575 1863 622 1900 ad
635 1864 941 1901 communionem
958 1865 1029 1901 sub
1048 1868 1156 1902 utra-

214 1913 288 1963 qu'e
322 1915 461 1964 specie.
495 1915 595 1954 Sess.
617 1917 769 1963 XXXI,
798 1918 857 1955 1Χο
887 1918 1067 1955 calendas
1093 1917 1155 1954 fe-

214 1968 359 2006 bruarii
379 1969 492 2016 1438,
508 1975 676 2018 egerunt
693 1971 738 2008 (16
753 1971 945 2008 nonnullis
965 1971 1093 2008 causis
1106 1971 1154 2008 ad

214 2022 429 2060 Romanam
450 2023 596 2061 curiam
612 2036 686 2061 non
699 2024 929 2071 deferendis,
951 2024 1155 2073 prohibue-

214 2080 308 2113 runt
321 2075 589 2125 gratias,quae
605 2078 851 2127 appellantur
867 2079 1155 2127 expectativae,

213 2132 253 2166 et
274 2129 493 2179 Eugenium
516 2131 585 2179 Pp.
607 2143 836 2180 suspensum
858 2135 976 2180 atque
997 2131 1154 2180 pontifi-

214 2186 324 2220 catus
344 2183 724 2222 administrationem
745 2186 792 2221 ad
814 2186 1023 2222 concilium
1044 2186 1155 2223 devo-

212 2235 336 2274 lutam
353 2236 614 2275 declararunt.
632 2238 732 2276 Sess.
747 2238 920 2285 XXXII,
941 2239 1074 2276 habita
1095 2246 1154 2276 1x⁰

213 2289 396 2328 calendas
417 2290 564 2339 aprilis,
585 2292 767 2329 damnato
788 2292 949 2330 concilio
970 2293 1045 2329 iam
1067 2292 1157 2329 Fer-

217 2343 348 2381 rariae
368 2343 563 2390 inchoato,
584 2345 805 2393 Eugenium
826 2346 910 2383 eius
937 2346 1154 2395 praesidem

213 2409 440 2446 omnesque,
458 2398 523 2446 qui
544 2398 668 2435 eidem
689 2398 917 2443 intererant,
938 2410 1156 2436 excommu-

214 2451 460 2489 nicaverunt.
475 2451 654 2489 Sessiouc
671 2452 861 2498 XXXIII,
874 2453 1058 2501 postridie
1070 2452 1156 2489 idus

214 2505 335 2542 maias
358 2505 459 2542 1439
476 2535 485 2552 ,
505 2508 691 2554 tanquam
712 2506 822 2543 Fidei
851 2506 1037 2543 veritates
1058 2505 1156 2542 deli-

215 2557 373 2596 nierunt
405 2558 475 2596 has
503 2562 583 2597 tres
612 2559 918 2608 propositiones:
939 2559 1153 2597 Concilium

214 2611 412 2661 generale,
436 2612 661 2650 universam
695 2616 996 2662 repraesentans
1018 2612 1155 2650 Eccle-

214 2665 334 2712 siam,
363 2669 421 2704 est
449 2677 567 2715 supra
596 2666 760 2715 Papam3
791 2667 897 2716 l’apa
926 2678 999 2703 non
1030 2667 1157 2714 potest

214 2719 419 2756 concilium
449 2720 623 2768 legitime
652 2720 1044 2769 congregatuin‚sine
1073 2719 1156 2756 eius

212 2783 371 2810 assensu
392 2773 606 2811 dissolvere
624 2773 687 2811 vel
702 2774 939 2822 suspendere
958 2772 1019 2809 vol
1035 2776 1158 2809 trans-

213 2825 330 2873 ferre3
361 2827 581 2864 hacreticus
601 2831 673 2873 est,
689 2826 756 2877 qui
778 2828 848 2865 lias
879 2826 1156 2875 propositiones
1177 2853 1178 2860 ,

212 2880 464 2929 pertinaciter
484 2881 703 2931 impugnat.
729 2881 831 2919 Sess.
863 2879 1039 2918 XXXIV
1053 2910 1062 2927 ‚
1084 2880 1154 2917 lia-

259 2998 266 3019 ¹
286 2998 397 3037 habim,
411 2998 467 3029 loc.
485 2999 533 3029 cit.
553 3008 580 3038 p.
603 2998 740 3029 1218-028.

254 3039 269 3103 ζ
285 3040 489 3114 ῗιίιίξΓΙΞὶΑὲιΧ.
503 3040 578 3072 ΙΙιεῑ.
597 3040 681 3073 Eccl.
697 3050 779 3072 saec.
797 3040 857 3080 XV,
875 3040 946 3072 diss.
965 3039 1013 3072 10.

255 3125 267 3147 ⁴
288 3125 304 3154 Ι.
326 3125 357 3155 ll.
375 3125 490 3162 rauna,
507 3124 658 3157 Praelecc.
676 3124 752 3157 nist.
770 3124 843 3157 cccl.
863 3128 881 3155 t.
900 3125 947 3163 IV,
964 3134 993 3164 p.
1009 3124 1030 3164 1,
1046 3134 1072 3156 c.
1089 3124 1117 3155 6.

257 3166 271 3188 ⁶
288 3166 351 3197 vid.
370 3177 398 3206 p.
418 3165 563 3198 121-12-2.

679 89 831 116 EPOCHA
859 90 912 116 IX.
943 89 994 115 AB
1021 89 1148 116 1N1'r10
1176 89 1406 118 SCHISMATIS
1433 90 1665 117 OCCIDENTIS

1197 155 1279 191 bita
1299 155 1377 192 v11⁰
1397 154 1579 194 calendas
1609 156 1804 205 quintilis,
1831 158 1858 195 8
1888 158 1950 196 vel
1973 159 1998 197 9
2022 170 2072 196 ex
2089 159 2141 198 30

1198 207 1399 256 episcopis,
1415 208 1483 256 qui
1498 209 1676 248 Basileae
1693 212 1820 256 erant,
1831 211 2051 260 Eugenium
2067 212 2140 261 Pp.

1197 261 1388 309 deponere
1409 261 1493 299 ausi
1512 265 1614 308 sunt,
1636 265 1675 300 et
1694 275 1790 301 sess.
1811 265 2004 313 sequenti,
2024 266 2084 302 vi⁰
2103 266 2141 303 i-

1196 314 1268 350 dus
1289 314 1479 362 quintilis,
1500 315 1802 363 constituerunt,
1818 329 1961 355 novum
1983 318 2141 367 pontifi-

1197 379 1282 404 cem
1303 371 1390 416 post
1408 368 1459 405 60
1480 368 1561 405 dies
1581 381 1604 406 a
1624 370 1866 417 depositione
1890 371 2057 421 Eugenii
2076 383 2141 410 63-

1198 432 1239 458 se
1258 420 1495 470 eligendum.
1524 421 1624 460 Sess.
1646 423 1847 469 XXXVI,
1869 426 1939 461 11νο
1960 425 2142 465 calendas

1196 474 1376 520 octobris,
1397 476 1593 513 sententia
1612 476 1660 513 de
1678 476 1931 515 immaculata
1952 478 1995 516 B.
2017 478 2065 516 V.
2086 478 2141 516 M.

1197 528 1449 576 conceptione
1469 529 1668 567 declarata
1687 529 1761 567 fuit
1781 529 1856 578 pia,
1876 535 2032 578 sancta,
2052 532 2141 569 cul-

1195 581 1253 618 tui
1273 582 1556 628 ecclesiastico,
1578 584 1710 620 rectae
1739 583 1880 621 rationi
1909 586 1949 621 et
1976 596 2006 622 s.
2027 585 2138 623 Scri—

1197 638 1333 682 pturae
1354 647 1534 673 consona.
1557 637 1658 674 Sess.
1679 636 2044 685 XXXVII-XLIV,
2063 638 2139 676 ha-

1197 688 1284 726 bitis
1305 700 1328 725 a
1346 693 1443 726 X1110
1459 689 1642 728 calendas
1657 690 1879 727 novembris
1897 690 2000 728 1439
2022 702 2139 740 usque

1195 742 1244 779 ad
1263 749 1320 779 vm
1346 742 1432 780 idus
1452 743 1609 791 augusti
1634 744 1748 789 1441,
1763 745 1972 792 postquam
1987 743 2144 782 electio-

1195 806 1283 832 nem
1303 795 1395 833 novi
1427 795 1621 845 pontificis
1652 799 1911 844 tractassent,
1935 797 2143 846 elegerunt

1194 849 1412 886 Amadeum
1449 862 1469 887 e
1508 851 1607 887 duce
1652 850 1871 888 Sabaudiae
1920 850 2142 898 eremitam,

1194 913 1307 950 quem
1328 902 1498 940 Felicem
1517 903 1554 940 V
1574 904 1822 952 appellarunt
1837 933 1846 950 ,
1883 903 1996 942 irrita
2028 904 2142 942 dixe-

1194 958 1287 993 runt
1303 967 1568 1004 quaecumque
1589 957 1637 994 ab
1649 957 1824 1006 Eugenio
1842 959 1881 994 in
1901 958 2143 996 contrarium

1195 1009 1396 1056 edicenda3
1417 1010 1654 1059 sententiam
1684 1011 1848 1059 Eugenii
1877 1013 2018 1049 contra
2036 1011 2142 1049 anti-

1195 1074 1337 1112 papam
1357 1062 1528 1101 Felicem
1558 1063 1707 1101 nullam
1737 1064 2061 1110 declaraverunt,
2080 1064 2143 1102 fe—

1193 1119 1298 1154 stum
1317 1116 1564 1154 Visitationis
1578 1117 1624 1157 Β.
1642 1118 1689 1156 V.
1707 1117 1759 1155 M.
1777 1119 1824 1155 ad
1845 1118 2144 1167 impetrandam,

1197 1171 1254 1208 uti
1275 1170 1468 1217 dicebant,
1489 1170 1689 1209 Ecclesiae
1710 1171 1892 1209 unionem
1907 1201 1916 1218 ,
1937 1172 2144 1220 quotannis

1195 1224 1380 1273 postridie
1396 1224 1577 1262 calendas
1593 1224 1768 1273 quintilis
1788 1225 2066 1263 celebrandum
2083 1225 2146 1263 de-v

1197 1279 1420 1324 creverunt,
1442 1278 1769 1328 mandaruntque,
1786 1281 1829 1316 ut
1846 1278 1896 1325 ii,
1916 1278 1982 1327 qui
2002 1279 2051 1316 ab
2071 1278 2146 1316 Eu-

1197 1331 1309 1381 genio
1325 1331 1524 1369 beneficiis
1538 1331 1697 1369 fuerant
1713 1332 1871 1381 privati,
1886 1332 1925 1369 in
1943 1332 2144 1381 integrum

1198 1385 1513 1424 restituerentur.
1534 1385 1634 1423 Sess.
1654 1385 1781 1433 XLV,
1803 1385 1938 1424 habita
1957 1385 2144 1435 postridie

1197 1439 1284 1476 idus
1303 1439 1396 1476 maii
1420 1439 1534 1486 1443,
1553 1439 1764 1477 mandante
1785 1439 1988 1477 Friderico
2007 1438 2063 1477 ΙΙΙ
2078 1438 2148 1476 im-

1199 1496 1392 1541 peratore,
1413 1495 1662 1530 assenserunt
1683 1493 1845 1542 quidem
1878 1492 2146 1530 convocationi

1199 1548 1239 1583 et
1267 1546 1519 1584 celebrationi
1554 1546 1646 1583 novi
1679 1546 1835 1584 concilii
1874 1545 2070 1596 generalis
2098 1546 2148 1583 ad

1200 1600 1484 1647 procurandam
1507 1600 1700 1644 unionem,
1716 1600 1782 1638 sed
1805 1599 1911 1637 istud
1926 1599 2054 1637 locum
2071 1610 2146 1636 nou

1198 1654 1348 1691 habuit.
1372 1652 1435 1691 Illi
1456 1665 1550 1691 vero
1571 1653 1707 1691 deinde
1729 1652 1897 1702 profecti
1929 1655 2022 1690 sunt
2039 1652 2147 1691 Lau-

1199 1719 1377 1754 sannam,
1399 1707 1461 1745 ubi
1483 1707 1610 1744 adhuc
1630 1706 1780 1755 aliquot
1794 1706 1984 1745 sessiones
2003 1706 2145 1758 habue-

1198 1762 1306 1807 runt,
1324 1762 1390 1799 sed
1411 1762 1449 1798 in
1470 1761 1530 1799 his
1545 1760 1639 1798 nihil
1654 1760 1906 1799 memorabile
1926 1762 2056 1798 actum
2069 1761 2145 1800 est.

1200 1815 1438 1852 perduravit
1457 1817 1588 1852 autem
1607 1814 1678 1852 hoc
1693 1814 1861 1853 schisma
1879 1825 2000 1864 usque
2016 1813 2065 1852 ad
2082 1824 2146 1853 an·

1200 1880 1290 1905 num
1317 1869 1431 1914 1449,
1454 1871 1498 1906 ut
1518 1867 1746 1906 videbimus.

1252 1922 1340 1960 Non
1371 1922 1513 1959 mirum
1542 1925 1627 1968 est,
1657 1920 1958 1966 Mosheimium‚
1990 1919 2144 1958 Febro-

1199 1975 1318 2023 nium,
1352 1975 1475 2024 iisque
1507 1975 1652 2012 similes
1686 1974 1892 2012 concilium
1920 1973 2143 2011 Basileense

1199 2029 1311 2066 nimis
1327 2029 1525 2067 extulisse:
1540 2028 1725 2078 quidquid
1737 2029 1841 2065 enim
1854 2026 2056 2064 Pontificis
2080 2039 2145 2064 au-

1198 2082 1422 2120 ctoritatem
1443 2082 1637 2131 deprimit,
1657 2082 1703 2119 iis
1724 2081 1826 2119 haud
1849 2081 2055 2129 displicere
2075 2092 2143 2129 po-

1199 2139 1287 2174 test.
1298 2137 1511 2185 Perperam
1527 2136 1643 2172 etiam
1662 2134 1890 2172 defensores
1906 2133 2146 2172 Declaratio-

1200 2190 1257 2228 nis
1277 2190 1368 2227 cleri
1389 2189 1581 2227 Gallicani
1616 2200 1678 2226 an.
1704 2188 1805 2226 1682
1833 2188 2055 2237 gloriantur
2073 2187 2146 2225 de-

1198 2243 1314 2281 cretis
1334 2242 1484 2280 concilii
1508 2242 1744 2280 Basileensis
1765 2242 1812 2279 de
1834 2243 2029 2291 potestate
2049 2253 2146 2279 con-

1200 2296 1277 2334 cilii
1296 2296 1531 2334 oecumenici
1547 2307 1665 2344 supra
1682 2296 1848 2344 Papam,
1871 2297 1960 2332 ante
1980 2294 2148 2333 schisma

1199 2350 1312 2388 editis
1332 2355 1370 2387 ct
1391 2361 1459 2399 per
1479 2349 1798 2387 constitutionem
1821 2379 1830 2394 ,
1852 2352 1894 2387 ut
1917 2348 2042 2395 aiunt,
2061 2348 2147 2386 Eu-

1199 2404 1302 2453 genii
1324 2403 1391 2449 IV,
1412 2404 1543 2440 datam
1573 2402 1742 2440 calendis
1770 2402 1926 2452 augusti
1949 2414 2010 2440 an.
2034 2402 2147 2448 1433,

1198 2457 1443 2506 approbatis;
1478 2468 1566 2494 nain
1604 2468 1653 2494 ex
1690 2456 1812 2506 ipsius
1849 2455 2005 2494 concilii
2038 2455 2148 2493 Basi-

1199 2510 1338 2548 lecnsis
1360 2510 1523 2548 historia
1544 2513 1728 2558 apparet,
1759 2509 1900 2556 omnia,
1921 2520 2021 2558 quae
2041 2508 2078 2546 iu
2103 2519 2147 2546 eo

1201 2564 1390 2602 adversus
1422 2564 1696 2601 auctoritatem
1728 2562 1965 2612 pontificiam
1987 2562 2146 2600 fuerunt

1199 2620 1366 2663 tentata,
1394 2620 1529 2655 contra
1557 2617 1616 2654 ius
1646 2629 1730 2655 csse
1762 2620 1943 2666 peracta3
1962 2617 2001 2654 et
2022 2615 2148 2664 Euge-

1201 2671 1287 2709 nius
1318 2671 1387 2719 l’p.
1404 2682 1473 2720 per
1495 2670 1811 2708 constitutionem
1827 2669 1995 2708 Dudum
2015 2669 2145 2706 conti-

1202 2725 1422 2762 nuationem
1439 2724 1595 2773 quidem
1612 2724 1780 2770 concilii,
1791 2736 1864 2760 non
1879 2734 1971 2760 vero
1986 2722 2068 2760 eius
2084 2721 2146 2759 de-

1200 2782 1305 2815 cret-1
1325 2778 1766 2827 probavit,sicutaperte
1777 2775 1995 2814 declaravit
2014 2775 2052 2813 in
2070 2774 2146 2824 epi-

1200 2832 1301 2869 stola
1316 2832 1362 2869 ad
1379 2831 1590 2870 Franciscu‘
1599 2844 1632 2868 111
1651 2830 1853 2869 Foscarini
1867 2830 2005 2868 ducem
2021 2828 2149 2866 Vene-

1200 2886 1354 2922 1111111113
1370 2886 1508 2922 verbis:
1522 2885 1684 2922 «Potius
1702 2882 2069 2931 hancApostolicam
2087 2882 2147 2920 di-

1200 2940 1390 2987 gnitatem
1402 2943 1439 2976 et
1451 2939 1569 2977 vitam
1581 2937 1955 2988 insuperposuissem
1963 2947 2018 2982 us,
2033 2947 2149 2984 quam

1201 2993 1458 3030 voluissemus
1474 3005 1556 3030 csse
1573 3004 1733 3030 causam
1749 2995 1788 3028 61
1803 2989 1973 3035 initium,
1995 2993 2039 3027 ut
2058 3001 2149 3038 pon·

1201 3047 1354 3084 tilicalis
1383 3046 1556 3095 dignitas
1587 3049 1626 3083 ot
1655 3045 1766 3082 Sedis
1797 3043 2042 3092 Apostolicae
2071 3054 2145 3080 au-

1202 3101 1362 3138 ctoritas
1377 3100 1675 3138 submitteretur
1692 3098 1855 3136 concilio
1871 3100 2009 3135 contra
2024 3107 2145 3134 cano-

1204 3153 1309 3192 nicas
1328 3166 1458 3192 omues
1488 3153 1720 3200 sanctiones3
1740 3151 1841 3201 quod
1864 3161 2067 3199 nunquam
2083 3162 2151 3188 an-
