2241 3473
221 166 302 207 428

508 177 675 205 EPOCHA
695 176 783 202 XIII.
805 176 833 201 A
854 174 1036 201 PVBLICA
1056 174 1204 201 RERVM
1227 174 1269 200 IN
1291 171 1464 199 GALLIIS
1485 171 1774 199 SVBVERSIONE

169 248 316 294 ἶθὸίίηί,
353 248 475 292 Siaeb‘l',
510 248 674 289 Leonis,
702 247 874 290 Hilarii,
905 245 1119 294 ΒίΠῑΡῖἱθίί,
1170 252 1270 288 unde
1295 250 1426 287 unitas
1453 248 1734 292 sacerdotalis,
1759 247 1862 284 unde
1888 248 2027 284 salutis
2053 247 2120 284 do-

169 302 319 338 Felicis
349 304 464 349 (atque
490 301 734 336 Hormisclcte
760 302 988 335 sanctorum
1020 300 1122 335 Pon-

167 355 316 403 &ficum
341 354 472 391 sacris
498 353 821 402 dispositionibus
849 354 1068 400 aayebatzcr
1094 356 1120 386 1.

217 411 268 444 At
295 420 390 444 vero
411 407 681 444 fatiscentibus
701 407 871 442 Romani
895 407 1051 453 imperii
1069 407 1122 442 vi-

172 463 291 504 ribus,
307 473 424 508 quum
445 462 469 496 ii
488 461 551 508 qui
567 472 753 507 suprema
781 464 975 506 potestate
1005 461 1124 506 polle-

174 518 293 560 bant,
321 516 494 562 impares
520 519 654 551 essent
688 514 913 552 cohibendis
947 515 1123 561 gentium

175 574 405 606 exterarum
426 569 548 616 copiis
568 569 875 616 irrumpentibus
901 568 1066 615 undique
1086 573 1126 603 et

176 623 307 659 onmia
323 623 399 659 late
428 622 716 670 populantibus,
736 623 855 658 etiam
884 622 1067 668 regiones
1086 621 1125 656 il-

177 677 238 713 lae
264 676 568 712 florentissimae
596 687 619 711 a
645 676 804 720 Gothis,
832 680 872 712 et
897 675 945 711 ab
976 674 1127 711 Hunnis

177 731 319 777 primo,
341 742 432 766 mox
447 731 494 766 ab
509 730 654 765 Avaris
676 733 715 766 et
730 741 752 766 a
767 730 947 766 Slavonis
962 740 1125 776 occupa-

178 788 243 820 tae
260 789 365 820 sunt.
393 784 526 825 Quare
546 784 582 819 in
601 795 648 820 ea
662 784 765 819 tristi
780 785 867 820 vice
884 783 1062 819 caedium
1090 787 1128 819 et

178 839 458 881 vastationum,
480 849 557 873 non
576 837 689 873 modo
726 838 857 885 plures
887 849 935 874 ex
969 837 1129 873 urbibus

176 896 377 928 vetustate
404 896 445 927 et
463 891 717 939 amplitudine
737 892 956 938 insignibus
973 890 1129 927 excisae

178 951 281 989 sunt,
302 945 369 981 sed
397 945 516 981 etiam
547 946 679 992 plures
705 957 726 982 e
753 945 1006 980 nobilioribus
1031 943 1129 980 sedi-

182 1001 252 1036 bus
285 999 571 1046 episcopalibus
605 999 764 1035 omnino
798 999 1042 1035 defecerunt.
1081 998 1131 1033 Et

176 1065 271 1090 sane
297 1053 456 1089 saeculo
476 1054 644 1100 septimo
663 1064 780 1100 quum
799 1053 929 1089 Servii
954 1057 995 1089 et
1012 1054 1133 1090 Croa-

179 1113 242 1144 tae
262 1119 283 1143 e
302 1107 526 1154 Carpathiis
544 1108 739 1143 montibus
760 1107 927 1154 profecti
948 1107 985 1142 in
1005 1106 1131 1152 regio-

179 1162 290 1197 nibus
309 1162 534 1203 Slavoniae‚
555 1162 755 1206 Croatiae,
777 1162 956 1205 Serviae,
977 1161 1131 1196 Dalma-

182 1217 260 1252 tiae
287 1220 328 1251 et
355 1216 493 1252 Istriae
521 1216 634 1252 sedes
652 1227 743 1251 suas
761 1216 947 1262 figerent,
967 1216 1132 1251 Ioannes

181 1271 253 1318 Pp.
283 1271 349 1313 IV,
370 1269 460 1305 dum
489 1271 693 1306 Ecclesiae
721 1271 927 1306 Romanae
948 1269 1135 1305 fundebat

183 1337 278 1372 opes
306 1324 343 1359 in
372 1325 554 1360 levamen
581 1336 734 1369 eorum,
760 1336 855 1372 quos
882 1325 1030 1360 misera
1055 1335 1134 1359 ser-

184 1380 285 1416 vitus
313 1379 545 1426 premebat,
574 1390 621 1414 ac
647 1383 875 1415 sanctorum
910 1379 1135 1425 Martyrum

185 1433 359 1481 reliquiis
385 1437 512 1468 tutam
539 1433 679 1480 quietis
706 1433 843 1469 sedem
871 1433 1004 1480 parari
1025 1442 1135 1467 cura-

186 1488 280 1531 bat,
306 1488 365 1523 sui
397 1488 517 1523 etiam
553 1489 729 1523 muneris
755 1487 923 1523 duxerat
947 1497 1136 1522 novarum

185 1553 453 1579 convenarum
481 1541 598 1577 saluti
619 1543 847 1585 consulere,
867 1541 986 1577 misso
1006 1540 1054 1576 ad
1071 1552 1138 1576 eos

185 1597 360 1633 Martino
388 1596 516 1632 Abate
540 1624 548 1639 ‚
575 1595 639 1642 qui
665 1596 772 1642 ipsos
799 1607 848 1631 ex
874 1606 1058 1631 errorum
1085 1598 1140 1630 te-

184 1651 316 1687 nebris
342 1649 391 1685 ad
418 1650 678 1696 evangelicae
706 1649 887 1686 veritatis
918 1649 1047 1685 lucem
1075 1649 1139 1684 ad-

185 1704 363 1741 duceret.
382 1703 521 1750 Neque
549 1715 646 1739 vero
673 1703 927 1739 dubitandum
954 1707 1028 1747 est,
1049 1703 1138 1750 quin

187 1758 369 1805 Episcopi
389 1762 428 1794 et
448 1757 685 1793 Sacerdotes
705 1769 753 1794 ex
771 1758 868 1793 urbe
885 1758 1014 1793 Roma
1033 1758 1142 1793 missi

187 1813 235 1847 ab
263 1811 402 1848 eodem
430 1811 636 1855 Ponfflfice,
656 1812 819 1859 aliisque
840 1811 1030 1858 proximis
1056 1811 1140 1847 eius

189 1866 507 1910 Successoribus‚
526 1865 573 1902 ad
594 1866 728 1902 omnia
755 1866 910 1913 pietatis
937 1877 1059 1912 opera
1087 1866 1142 1900 in-

190 1920 393 1957 stituerint
421 1931 488 1956 eos
516 1920 728 1956 Slavoniae
750 1921 924 1968 populos,
946 1921 1009 1967 qui
1028 1921 1141 1956 meri—

190 1973 366 2010 dionales
393 1974 571 2018 audiunt,
600 1974 761 2021 illosque
789 1975 951 2010 lavacro
980 1985 1141 2019 regene-

191 2028 353 2064 rationis
379 2028 556 2073 expiatos
590 2039 670 2064 una
696 2040 784 2063 eum
818 2028 969 2064 duobus
995 2028 1142 2063 Princi-

193 2082 302 2129 pibus
329 2082 472 2117 Porino
502 2086 540 2118 et
559 2082 705 2129 Perga,
728 2087 928 2129 tamquam
949 2082 1144 2128 primitias

191 2140 453 2182 cognatarum
481 2136 672 2182 gentium,
698 2137 734 2171 in
761 2136 862 2171 ovile
891 2136 979 2171 Iesu
998 2135 1142 2172 Christi

191 2190 434 2236 exceperint.

239 2245 349 2280 Haec
378 2255 495 2291 porro
523 2243 606 2278 RR.
637 2243 715 2277 ΡΙ).
737 2243 954 2279 sollicitudo
983 2243 1142 2290 insigni-

193 2302 252 2334 ter
271 2299 390 2334 etiam
412 2298 535 2334 eluxit
554 2298 847 2344 insequentibus
861 2298 1043 2340 saeculis,
1066 2298 1143 2345 qui-

195 2353 265 2387 bus
292 2351 536 2398 operositate
564 2351 721 2386 Nicolai
751 2352 778 2393 Ι,
808 2351 1000 2386 Hadriani
1030 2352 1084 2395 11,
1111 2355 1151 2387 et

195 2406 350 2441 Ioannis
377 2406 463 2441 VlIl
480 2434 488 2449 ,
511 2404 752 2441 adiutoribus
779 2405 924 2440 sanctis
953 2406 1046 2440 viris
1076 2408 1146 2452 Cy-

196 2460 282 2494 rillo
311 2466 351 2495 et
379 2459 582 2496 Metliodio
611 2459 811 2505 germanis
844 2459 1044 2503 fratribus,
1065 2460 1148 2495 Sla-

195 2513 307 2549 vicae
343 2518 481 2559 gentes
504 2542 512 2557 ‚
548 2524 648 2560 (plac
675 2513 723 2548 ab
750 2517 882 2549 austro
910 2513 959 2548 ad
986 2514 1146 2549 boream

198 2568 397 2614 pertinent
419 2595 427 2610 ‚
455 2567 605 2614 plenius
640 2567 856 2603 hauserunt
889 2568 1146 2613 evangelicae

196 2621 399 2657 doctrinae
429 2622 574 2664 lumen,
594 2632 640 2656 ac
670 2633 739 2668 per
758 2633 846 2656 eam
866 2621 914 2656 acl
933 2621 1147 2656 humanum

198 2675 429 2721 civilemque
459 2677 604 2711 cultum
633 2675 840 2717 deductae,
859 2680 1038 2710 sanctam
1060 2676 1150 2710 reli-

199 2728 323 2775 gionis
343 2736 381 2764 ct
401 2729 572 2765 iustitiae
603 2730 769 2764 sormam
799 2729 1009 2764 induerunt
1025 2730 1052 2760 2.

246 2785 372 2822 Quum
410 2783 529 2829 igitur
564 2783 799 2818 Slavonicae
839 2787 979 2829 gentes
1007 2783 1147 2817 miruin

199 2838 236 2872 in
271 2836 425 2871 modum
462 2837 509 2871 ad
544 2837 777 2872 catholicam
815 2837 1026 2872 veritatem
1063 2848 1151 2871 con-

199 2902 341 2927 versae
369 2891 405 2925 in
434 2892 749 2927 cornmunionem
778 2891 866 2927 tidci
903 2896 942 2927 et
971 2891 1151 2926 caritatis

199 2956 286 2979 cuin
323 2945 552 2991 Apostolica
586 2945 687 2981 Sede
729 2946 961 2987 venissent,
998 2951 1149 2979 arctain

198 3010 283 3032 cnm
318 3010 366 3034 ea
393 3000 725 3042 cmiinnctioncni,
749 3000 876 3034 tilialis
903 2999 1018 3035 studii
1048 2999 1154 3034 nexi-

200 3052 269 3087 bus
294 3052 516 3096 devinctae,
544 3053 607 3088 diu
638 3053 900 3096 retinuerunt,
930 3059 969 3089 et
997 3065 1044 3089 cx
1072 3053 1151 3095 illa,

250 3159 254 3178 ¹
276 3158 310 3189 S.
333 3159 437 3190 Nicol.
458 3159 468 3190 l
492 3159 548 3191 ΙῬ.
575 3159 683 3201 Epist.
706 3158 742 3189 [V
762 3160 805 3190 ml
825 3159 921 3190 Min-li.
947 3161 1031 3200 Imp.

245 3202 259 3222 ‘3
279 3205 399 3242 Lrgcrc
420 3206 520 3242 iuvat,
541 3204 575 3237 P.
593 3206 749 3242 l'rcsutti,
770 3205 794 3237 ll
809 3206 936 3246 l'almln
955 3215 970 3235 c
989 3207 1021 3237 ln
1039 3203 1153 3237 eiviltaei

206 3247 293 3289 defit·
320 3251 425 3288 Δ8Ἰαινί,
449 3251 685 3282 Ιὶίςςιψῑιικίυιιυ
716 3250 794 3282 lctia
821 3251 1095 3284 an'Accadcmia
1123 3251 1155 3282 di·

211 3295 360 3335 ltrliyi'un
389 3295 555 3328 Callolica
584 3298 612 3327 di
641 3294 753 3335 Itonia,
783 3297 881 3329 1880.

1175 306 1304 343 ctrina
1331 308 1467 340 manat
1507 303 1544 338 in
1584 306 1707 338 totum
1733 302 1889 344 orbem,
1917 306 2118 348 tamquam

1172 372 1191 395 e
1210 361 1301 394 vivo
1321 359 1428 393 fonte
1448 358 1549 393 roris
1569 356 1751 393 coelestis
1771 355 1987 391 hauserunt
2003 355 2118 391 uber-

1173 411 1473 458 tatem.Regnis
1500 411 1577 446 imo
1603 422 1650 446 ac
1670 409 1953 457 principatibus
1977 408 2123 445 Slavici

1175 466 1341 502 nominis
1367 465 1614 508 constitutis,
1642 464 1812 511 positum
1845 463 1884 498 in
1911 473 2022 499 more
2052 462 2126 499 fuit

1174 521 1418 556 Slavicorum
1463 530 1600 565 regum
1641 523 1682 554 et
1724 517 1942 564 principum
1965 544 1974 560 ,
2007 520 2050 552 ut
2083 516 2123 551 in

1173 574 1289 610 fidem
1306 578 1346 610 et
1370 574 1533 609 tutelam
1559 584 1648 609 sese
1675 573 1901 618 reciperent
1931 571 1975 605 B.
1998 569 2126 614 Petri,

1174 640 1289 675 quem
1316 627 1499 664 colebant
1517 627 1555 662 in
1575 626 1700 673 Ipsius
1721 624 2039 667 Successoribus,
2066 626 2129 660 ut-

1178 687 1263 729 pote
1297 681 1506 718 heredibus
1540 679 1746 728 potestatis
1772 678 1867 715 eius.
1896 677 1975 714 Sed
2000 676 2124 721 enim,

1179 739 1383 783 postquam
1412 735 1623 770 nonnullae
1651 745 1699 769 ex
1718 733 1764 769 iis
1783 731 1983 779 gentibus,
2003 730 2128 767 rebel-

1178 789 1224 825 lis
1242 794 1430 836 sequutae
1448 788 1575 824 Photii
1594 787 1776 834 vestigia,
1791 798 1812 822 e
1828 790 2008 822 materno
2027 795 2132 820 com-

1180 843 1295 890 plexu
1315 846 1568 879 recesserunt
1587 842 1803 877 catholicae
1824 838 2028 876 Ecclesiae
2054 839 2134 875 fru—

1179 903 1262 932 stra
1289 896 1462 933 retinere
1490 897 1680 931 abeuntes
1711 898 1750 931 et
1773 894 1909 930 devios
1936 902 2130 929 revocare

1181 951 1375 994 conantis,
1391 950 1502 997 quasi
1521 949 1705 997 palmites
1724 960 1744 984 e
1764 948 1842 984 vite
1860 946 2021 983 adscissi
2042 956 2135 982 exa-

1180 1008 1360 1047 ruerunt,
1375 1009 1415 1040 et
1434 1016 1455 1039 e
1474 1003 1631 1039 florenti
1650 1006 1755 1038 statu
1774 1003 1812 1037 in
1831 1012 1899 1037 eas
1919 1010 2135 1036 aerumnas

1181 1059 1423 1106 miserosque
1450 1068 1564 1093 casus
1584 1057 1793 1105 prolapsae
1813 1060 1923 1098 sunt,
1944 1065 2038 1101 quos
2056 1053 2136 1089 suis

1182 1113 1446 1149 monumentis
1472 1111 1638 1147 historia
1664 1109 1886 1158 posteritati
1915 1107 2089 1145 tradidit.

1230 1168 1358 1210 Slavi,
1386 1167 1448 1214 qui
1476 1166 1524 1201 ad
1551 1165 1757 1202 meridiem
1784 1166 1985 1211 spectant,
2016 1161 2138 1198 eonti-

1188 1214 1329 1257 nentur
1345 1222 1448 1256 inter
1464 1219 1717 1258 Dalmatiam,
1730 1217 1990 1260 carinthiam,
2003 1215 2138 1252 Libur-

1187 1275 1306 1318 niam,
1336 1274 1546 1322 lllyridem,
1576 1273 1778 1316 Bosniam,
1806 1269 2138 1317 Herzegovinam‚

1189 1329 1385 1371 Serviani,
1415 1327 1753 1373 Montemnigrum
1774 1354 1782 1370 ,
1809 1324 2054 1372 Bulgariam.
2081 1323 2140 1359 De

1188 1393 1352 1429 quorum
1373 1381 1547 1417 moribus
1574 1386 1614 1417 et
1640 1379 1899 1427 religiositate
1927 1376 2075 1425 passim
2101 1376 2141 1412 in

1190 1436 1263 1472 hac
1282 1435 1449 1471 historia
1463 1435 1674 1471 dissertum
1694 1433 1917 1469 est1.Nunc
1935 1442 2031 1468 vero
2050 1430 2141 1478 quia

1190 1490 1434 1526 recentiores
1452 1493 1619 1525 eventus
1636 1498 1781 1523 novam
1801 1488 1971 1522 formam
1991 1485 2065 1520 illis
2084 1485 2144 1520 in-

1191 1544 1380 1587 tulerunt,
1397 1544 1451 1579 ita
1464 1547 1507 1578 ut
1525 1542 1749 1589 complures
1763 1542 1952 1577 Austriae
1972 1544 2013 1577 et
2032 1541 2142 1577 Hun-

1192 1598 1329 1644 gariae
1358 1597 1523 1644 imperio
1550 1595 1693 1632 subditi
1710 1595 1800 1639 sint,
1826 1595 1890 1631 alii
1911 1595 2140 1642 principatu

1196 1652 1291 1687 nulli
1319 1651 1497 1687 subiecto
1518 1651 1803 1697 gubernentur,
1819 1654 1860 1686 et
1878 1650 1944 1685 alii
1964 1649 2044 1685 suis
2063 1659 2141 1684 non

1193 1705 1383 1741 abdicatis
1410 1705 1565 1752 legibus
1594 1708 1747 1740 tantum
1767 1703 1806 1738 in
1826 1703 2052 1740 clientelam
2075 1714 2139 1739 ve-

1193 1760 1325 1796 nerint
1352 1759 1552 1799 Austriae,
1581 1769 1681 1806 quae
1708 1758 1812 1793 viam
1840 1758 1898 1794 eis
1923 1759 2077 1801 sternit,
2099 1761 2141 1793 ut

1194 1814 1387 1849 catholica
1402 1813 1539 1860 religio
1558 1812 1613 1847 illi
1629 1812 1875 1856 reflorescat,
1892 1823 2036 1859 operae
2054 1823 2139 1859 pre-

1196 1868 1290 1904 tium
1317 1867 1525 1910 duximus,
1561 1865 1707 1913 aliquid
1741 1865 1789 1902 de
1824 1877 1962 1902 eorum
1998 1866 2136 1902 ritibus

1195 1934 1407 1969 exponere.

1244 1978 1325 2014 100.
1353 1976 1409 2011 De
1427 1974 1578 2011 Rosam
1604 1976 1641 2011 ct
1667 1973 2143 2022 Herseyouina—Variis

1197 2030 1302 2066 hisce
1331 2041 1463 2066 rerum
1491 2029 1639 2065 vicibus
1666 2030 1824 2065 obnoxii
1852 2030 1962 2066 fuere
1988 2028 2120 2076 populi
2138 2056 2146 2072 ‚

1196 2085 1258 2131 qui
1278 2085 1446 2119 Bosniae
1461 2087 1502 2119 et
1515 2083 1817 2129 Herzegovinae
1834 2084 2017 2130 regiones
2043 2083 2148 2118 inco-

1198 2139 1322 2174 luere.
1340 2137 1575 2173 Provinciae
1601 2137 1704 2173 enim
1726 2137 1823 2173 istae
1844 2137 2019 2182 pluribus
2038 2137 2142 2183 prin·

1202 2192 1351 2238 cipibus
1368 2191 1627 2226 finitimarum
1648 2191 1839 2237 gentium,
1857 2194 1970 2237 prout
1988 2190 2151 2238 quisque

1200 2245 1347 2280 viribus
1389 2244 1516 2291 magis
1552 2245 1721 2291 pollebat
1741 2273 1749 2288 ‚
1793 2245 2122 2292 obtemperarunt
2141 2256 2150 2288 ;

1201 2299 1314 2334 modo
1333 2299 1381 2334 ab
1401 2299 1447 2333 iis
1465 2298 1528 2345 qui
1546 2298 1710 2334 Sei-biae
1730 2299 1790 2334 vel
1811 2299 1997 2335 Croatiae
2016 2309 2152 2345 praee-

1200 2358 1320 2397 rant,
1354 2352 1468 2387 modo
1504 2353 1552 2387 ab
1588 2352 1675 2387 aliis
1705 2352 2016 2388 dominatoribus
2042 2353 2155 2389 suba-

1199 2413 1301 2443 ctae.
1322 2407 1423 2442 Hinc
1443 2407 1531 2443 fieri
1550 2417 1625 2442 non
1648 2406 1785 2454 potuit,
1804 2411 1847 2442 ut
1866 2417 1890 2442 a
1912 2407 2068 2443 funesta
2094 2418 2151 2442 er-

1204 2472 1339 2496 rorum
1368 2460 1429 2496 lue
1450 2489 1458 2504 ,
1485 2471 1584 2507 quae
1612 2460 1720 2496 cirea
1746 2460 1832 2496 illas
1857 2461 2059 2507 serpebat,
2085 2460 2153 2495 im-

1202 2526 1340 2550 munes
1379 2513 1610 2550 evaderent.
1652 2514 1780 2554 Quum
1821 2518 1952 2550 autem
1995 2514 2153 2551 saeculo

1199 2568 1428 2604 duodecimo
1445 2569 1479 2603 in
1498 2572 1735 2615 potestatem
1753 2579 1890 2615 regum
1908 2568 2152 2616 Hungariae,

1202 2623 1315 2669 regni
1332 2624 1484 2659 Ramae
1502 2624 1659 2659 nomine
1680 2627 1878 2670 suscepto,
1893 2622 2153 2667 devenerunt,

1202 2677 1249 2712 ad
1278 2677 1482 2713 Ecclesiae
1511 2677 1829 2713 communionem
1858 2687 2062 2720 reversae,
2087 2677 2155 2712 flo-

1203 2731 1326 2767 rentis
1345 2731 1471 2767 denuo
1492 2731 1693 2778 religionis
1712 2731 1901 2766 fructibus
1927 2741 2021 2767 usae
2049 2734 2153 2767 sunt.

1204 2788 1275 2821 Ast
1295 2797 1344 2822 ca
1364 2798 1427 2821 res
1446 2787 1551 2822 laeta
1575 2787 1680 2829 licet,
1708 2790 1841 2822 tamen
1868 2786 2051 2822 diuturna
2078 2797 2154 2821 non

1204 2839 1295 2882 t'nit;
1323 2840 1469 2875 etenim
1499 2852 1574 2875 non
1603 2841 1723 2875 multo
1753 2846 1839 2886 post
1866 2852 1886 2875 e
1909 2839 2046 2875 vicinis
2065 2839 2156 2875 Bul-

1204 2893 1339 2938 gariae
1368 2893 1508 2928 linibus
1534 2893 1610 2928 alia
1646 2894 1753 2928 mala
1788 2893 1894 2929 labes
1928 2892 1965 2928 in
2002 2904 2070 2929 eas
2104 2893 2153 2928 ir-

1207 2947 1340 2992 repsit,
1362 2946 1514 2993 lateque
1534 2951 1718 2993 grassata
1732 2952 1805 2990 est,
1823 2947 1943 2994 priori
1961 2947 2076 2995 longe
2094 2958 2157 2994 pe-

1206 3000 1400 3035 stilentior
1417 3012 1462 3036 ac
1483 3000 1703 3044 modim-,ex
1719 3002 1890 3048 antiquis
1905 3001 2155 3037 Manichaeo-

1208 3065 1292 3088 rnin
1333 3055 1535 3090 erroribus
1574 3060 1662 3090 orta
1683 3083 1691 3098 ‚
1733 3066 1832 3102 quae
1873 3054 2157 3091 patarenorum

1206 3114 1338 3143 sectae
1368 3120 1510 3144 nomen
1539 3108 1686 3144 indidit.
1716 3110 1774 3145 Ex
1802 3109 1875 3144 liac
1901 3114 2034 3145 autem
2054 3109 2157 3144 tristi

1207 3162 1387 3203 colluvie,
1416 3173 1514 3208 qnae
1544 3174 1614 3209 per
1641 3163 1716 3198 tria
1743 3163 1826 3199 fere
1853 3163 2013 3198 saecula
2033 3161 2159 3209 regio-

1210 3227 1276 3250 nes
1292 3216 1377 3250 illas
1398 3216 1581 3260 foedavit,
1599 3217 1768 3263 plurima
1782 3220 1822 3253 et
1837 3217 2002 3253 exitiosa
2015 3215 2159 3252 damna

1256 3300 1260 3319 ι
1292 3298 1359 3329 voi.
1380 3299 1404 3336 ι,
1422 3307 1475 3339 pp.
1494 3297 1573 3336 210,
1593 3297 1671 3336 233,
1690 3297 1768 3338 241,
1788 3297 1865 3338 255,
1887 3297 1967 3337 2⁰03
1986 3297 2029 3337 11,
2051 3298 2104 3331 38.
