2241 3473
193 106 272 147 302

689 129 694 135 ·
713 118 880 146 EPOCHA
901 119 973 146 ΧΠ.
998 120 1023 145 A
1044 119 1213 147 LITIBVS
1233 121 1543 149 IANSENISTICIS

136 187 423 235 imperantibus
466 186 645 222 civilibus
683 186 1004 232 persuadebant,
1046 189 1090 221 ut
1140 187 1318 224 locorum
1345 188 1587 235 indigentias
1611 188 1896 234 definiebatur3
1915 194 1954 227 et
1979 201 2092 237 prae-

136 242 330 278 exhausta
361 240 520 276 aeraria
554 250 857 286 suppressorum
891 242 1087 275 monaste-

135 297 285 331 riorum
321 294 430 329 bonis
465 296 756 329 restaurarent.
792 293 920 333 Quum
954 296 1088 328 autem

136 349 175 384 in
202 347 398 395 plerisque
426 346 527 382 aulis
554 346 725 382 ministri
745 351 877 382 essent
895 346 1088 393 sophista-

135 414 222 438 rum
248 399 440 436 doctrinis
467 400 622 442 imbuti,
650 400 806 446 publica
831 399 992 436 decreta
1019 399 1088 434 im-

135 458 292 502 petrata
317 457 408 489 sunt
427 482 436 497 ,
463 453 601 500 quibus
628 454 807 490 membra
840 454 1085 501 singulorum

133 507 464 543 monasteriorum
493 506 542 542 ad
569 512 724 543 certum
758 518 966 543 numerum
986 535 994 549 ,
1021 506 1088 541 do-

133 561 314 597 nationes
333 565 374 596 et
392 561 524 607 legata
542 560 588 596 iis
607 561 790 597 facienda
808 561 856 596 ad
881 561 1085 596 definitum

134 614 291 650 modurn
319 615 612 651 reducebantur
630 644 639 659 ,
674 616 809 651 variae
837 614 1086 651 reformatio-

131 679 202 704 nes
220 668 259 703 in
278 668 478 705 coenobiis
493 669 880 716 praescribebantur,
898 668 1087 704 nonnulla

131 722 376 758 monasteria
401 722 465 758 vel
490 722 637 769 integri
665 722 837 759 Ordines
867 722 1084 770 supprime-

131 774 287 812 bantur.

176 829 218 865 In
244 830 451 866 Lusitania
478 831 665 878 Iosephus
692 831 704 866 I
726 830 887 867 consilio
906 830 1085 877 primarii

129 883 188 918 sui
227 884 397 920 ministri
435 884 667 921 de-Pombal
699 885 832 932 plures
872 884 1085 931 religiosas

130 936 474 985 Congregationes
488 939 721 986 suppressit.
740 939 854 974 Dicta
868 942 1082 985 sunt‚quae

129 1000 153 1026 a
179 990 277 1028 duce
297 992 519 1029 Parmense
539 993 689 1029 fuerint
707 992 869 1028 decreta
886 995 910 1025 1.
934 993 975 1028 In
994 992 1085 1028 Gal-

129 1043 182 1080 lia
210 1045 431 1083 Ludovicus
458 1047 561 1090 XV,
591 1047 724 1095 pravis
759 1046 1083 1082 administrorum

129 1110 290 1136 suorum
319 1102 494 1137 consiliis
521 1102 737 1146 excitatus,
764 1112 828 1138 an.
858 1101 950 1138 1766
977 1101 1082 1148 quin-

128 1164 202 1200 que
231 1156 346 1202 regni
374 1156 622 1193 consiliarios
655 1156 900 1203 totidemque
934 1156 1085 1202 episco-

128 1218 198 1255 pos
224 1211 440 1255 constituit,
469 1211 533 1258 qui
560 1211 695 1246 omnia
722 1211 968 1247 monasteria
993 1209 1084 1245 Gal-

128 1261 205 1298 liae
240 1263 481 1308 visitarent,
514 1276 651 1301 eorum
686 1268 834 1301 statum
871 1275 1084 1311 cognosce-

127 1319 231 1360 rent,
252 1322 291 1354 et
317 1318 473 1354 modum
503 1318 642 1355 eadem
673 1317 916 1355 reformandi
943 1328 1082 1364 propo-

127 1376 282 1407 nerent.
317 1372 594 1409 Commissarii
611 1401 620 1416 ,
646 1372 754 1408 inter
780 1383 875 1419 quos
909 1375 997 1408 erat
1022 1382 1084 1406 ar-

127 1423 402 1472 chiepiscopus
429 1426 664 1470 Tolosanus,
684 1426 949 1473 sophistarum
980 1425 1082 1472 prin-

126 1477 237 1524 cipiis
270 1479 439 1516 infectus
465 1484 506 1516 et
532 1480 762 1516 monasticis
797 1479 989 1515 Institutis
1015 1490 1079 1525 op-

129 1533 292 1579 positus,
320 1537 482 1579 praeter
509 1535 586 1570 alia
612 1534 776 1570 decreta
803 1534 972 1577 inutilia,
994 1544 1081 1580 pro-

126 1591 345 1632 posuerunt
383 1587 524 1634 plura,
569 1588 700 1624 lentae
743 1587 1079 1623 monasteriorum

125 1640 376 1677 exstinctioni
403 1642 578 1689 propria.
608 1642 649 1677 ln
678 1641 818 1689 primis
844 1642 963 1689 plura
997 1651 1078 1676 mo-

125 1693 288 1730 nialium
328 1697 574 1732 monasteria
616 1696 654 1731 in
693 1696 888 1732 canonias
928 1699 1081 1731 mutata

124 1753 229 1793 sunt,
256 1750 295 1785 in
325 1751 460 1798 quibus
486 1751 675 1794 feminae,
695 1751 934 1798 praesertim
961 1749 1080 1786 nobili

124 1813 273 1850 genere
299 1810 440 1851 natae,
469 1806 676 1843 commode
711 1807 912 1850 viverent;
943 1809 1080 1853 postea

124 1858 323 1895 minorum
358 1864 625 1896 conventuum
661 1864 701 1896 et
735 1860 1013 1903 abbatiarum,
1041 1859 1078 1894 in

123 1911 263 1958 quibus
290 1913 428 1950 saltem
459 1914 504 1950 15
538 1914 714 1961 religiosi
747 1925 825 1949 non
859 1914 1078 1960 degerent,

123 1963 284 2001 abolitio
311 1966 497 2011 decreta3
523 1971 717 2003 statutum
745 1967 881 2010 etiam,
907 1970 950 2002 ut
976 1966 1078 2002 idem

124 2017 233 2055 Ordo
260 2031 335 2055 non
364 2021 435 2056 nisi
465 2032 589 2057 unam
617 2021 655 2056 in
675 2021 813 2057 eadem
835 2021 995 2057 civitate
1014 2020 1078 2055 do-

125 2082 230 2108 mum
260 2073 438 2111 haberet.
465 2075 583 2111 iidem
613 2075 877 2111 commissarii
906 2075 1006 2110 clam
1025 2074 1080 2109 di-

123 2125 300 2163 scordias
327 2128 431 2164 inter
457 2129 666 2175 religiosos
684 2129 1018 2171 disseminabant,
1039 2134 1078 2164 et

124 2178 390 2228 immorigeris
431 2193 478 2218 ac
512 2182 742 2230 disciplinae
782 2182 1075 2230 impatientibus

123 2235 386 2279 patrocinium
414 2237 684 2283 praestabant.
713 2238 799 2278 Quo
827 2237 975 2272 factum
1004 2242 1078 2281 est,

123 2291 167 2323 ut
193 2289 382 2325 coenobia
409 2289 727 2335 diffamarentur,
747 2295 787 2327 ct
805 2292 885 2326 iarn
907 2295 997 2327 ante
1020 2303 1080 2327 re-

123 2342 335 2379 volutionis
375 2344 488 2381 initia
523 2345 607 2391 plus
640 2356 754 2392 quam
797 2346 905 2387 1‚000
946 2346 1079 2381 forent

125 2407 352 2444 suppressa.
383 2400 498 2433 Anno
534 2399 624 2435 1767
660 2400 778 2435 etiam
817 2399 1076 2435 Venetiarum

125 2456 286 2488 senatus
312 2452 417 2490 Cleri
445 2452 503 2488 sui
532 2453 730 2499 regularis
749 2452 1076 2490 reformationem

123 2508 162 2540 et
189 2505 456 2543 reductionem
484 2518 701 2553 aggressus
734 2510 815 2550 est,
845 2511 885 2542 et
911 2518 959 2542 ex
988 2519 1079 2543 con—

123 2558 210 2593 silio
237 2571 393 2603 eorum,
423 2561 560 2608 quibus
587 2561 832 2597 monasticae
862 2560 917 2596 rei
946 2561 1081 2608 cogni-

124 2612 268 2649 tionem
298 2615 333 2650 in
362 2616 550 2652 universa
577 2615 781 2663 republica
807 2615 1079 2660 commiserat,

125 2672 286 2713 praeter
313 2669 390 2705 alia
418 2670 533 2717 plura
559 2669 754 2713 decrevit,
773 2673 815 2705 ut
834 2670 1079 2705 monasteria

128 2720 343 2758 minoribus
362 2724 579 2760 redditibus
595 2724 788 2760 instructa
803 2724 1078 2767 abolerentur;

126 2775 264 2821 quibus
292 2783 429 2823 postea
455 2779 572 2814 etiam
604 2779 757 2814 maiora
790 2778 981 2826 quaedam
1015 2778 1079 2813 ad-

126 2829 209 2864 dita
236 2835 339 2865 sunt.
361 2832 507 2868 Eodem
531 2838 711 2880 tempore
731 2833 780 2868 ab
798 2832 1078 2880 augustissima

127 2881 382 2930 imperatrice
414 2886 545 2922 Maria
562 2886 755 2923 'I'lieresia
779 2886 941 2923 decreta
960 2886 1080 2934 impe-

125 2940 229 2973 trata
256 2943 371 2983 suut,
399 2941 536 2987 quibus
563 2941 693 2976 minor
720 2941 789 2976 dos
818 2952 887 2989 pro
914 2941 1078 2977 novitio-

125 3002 210 3026 rum
239 2994 486 3040 susceptione
506 2999 546 3031 et
565 2996 691 3031 maior
710 2999 821 3032 aetas
842 3007 912 3043 pro
936 3007 1075 3032 eorum

126 3047 367 3090 professione
396 3048 765 3094 J‘iraescribebatum
787 3061 975 3086 numerus
991 3049 1077 3086 reli-

125 3097 324 3144 giosorum
355 3113 424 3148 pro
450 3102 613 3149 singulis
640 3104 839 3140 coenobiis
858 3103 1074 3141 secundum

175 3209 180 3229 ¹
204 3211 269 3243 Vul.
291 3223 321 3254 1·.
344 3214 419 3245 2953.

1141 241 1256 286 positi
1295 241 1333 276 in
1373 242 1600 278 visitatione
1644 244 1979 280 monasteriorum
2023 244 2093 280 sibi

1138 294 1412 338 subditorum,
1449 301 1567 343 atque
1600 296 1641 331 in
1683 296 1862 333 omnibus
1895 298 1980 334 fere
2013 299 2094 334 suis

1140 348 1308 394 negotiis
1343 354 1383 385 et
1417 350 1570 385 actibus
1604 360 1628 385 a
1661 361 1851 386 consensu
1887 350 2094 398 regiminis

1140 402 1265 437 civilis
1274 402 1544 450 dependentes
1556 403 1832 440 reddebantur.
1846 405 2033 452 Iosephus
2046 405 2091 450 ΙΙ,

1141 455 1296 492 Mariae
1324 457 1541 493 Theresiae
1559 457 1662 493 filius
1681 463 1721 493 et
1739 469 1802 493 an.
1825 458 1918 496 1780
1936 469 2092 495 succes-

1138 520 1231 553 sor,
1264 511 1435 557 plurima
1464 512 1670 558 utriusque
1702 523 1818 548 sexus
1849 512 2094 549 monasteria

1137 563 1177 598 in
1204 564 1381 600 omnibus
1416 565 1537 601 terris
1567 565 1640 601 sibi
1672 565 1860 602 subiectis
1891 565 2088 610 abolevit,

1138 619 1376 664 praesertim
1410 630 1457 655 ea
1478 648 1486 664 ,
1514 630 1678 666 quorum
1712 620 1867 656 incolae
1907 630 1983 655 non
2018 619 2091 655 nisi

1137 671 1245 708 vitae
1260 673 1593 720 contemplativae
1612 673 1779 710 dedicati
1798 677 1926 716 erant,
1947 677 1988 709 et
2004 684 2092 709 san-

1139 725 1422 762 ctimonialium
1438 756 1446 771 ,
1473 727 1649 775 exceptis
1675 727 1896 771 Ursulinis,
1923 727 2093 763 Salesia-

1139 779 1197 815 nis
1216 808 1224 824 ,
1252 781 1456 828 Angelicis
1482 787 1522 817 et
1549 781 1760 818 Sororibus
1794 780 2091 818 misericordiae

1137 845 1206 870 seu
1248 835 1541 872 Elisabethinis.
1587 836 1788 872 Numerus
1829 834 2089 871 monasterio-

1137 899 1241 932 rum,
1269 898 1293 924 a
1319 889 1482 936 Iosepho
1510 890 1541 925 11
1568 889 1832 934 sublatorum,
1858 889 1928 927 400
1953 900 2092 925 exces-

1136 941 1199 985 sit,
1227 953 1248 979 e
1275 953 1442 989 quorum
1470 944 1581 979 bonis
1607 944 1663 979 sic
1690 943 1782 979 dicti
1817 942 1952 979 Fundi
1983 941 2091 979 Reli-

1134 994 1264 1042 gionis
1291 999 1327 1032 et
1354 997 1597 1033 scholaram
1623 998 1782 1034 formati
1801 1000 1905 1033 sunt.
1925 996 2088 1033 Praete-

1137 1060 1207 1085 rea
1240 1051 1495 1087 monasteriis
1535 1063 1611 1087 non
1645 1051 1808 1088 sublatis
1844 1051 1893 1088 ad
1935 1054 2091 1098 tempus

1136 1103 1380 1140 indefinitum
1415 1105 1630 1142 interdicta
1656 1106 1728 1142 fuit
1759 1105 1998 1141 novitiorum
2026 1115 2087 1140 su-

1135 1159 1298 1205 sceptio,
1319 1159 1517 1207 multaque
1545 1161 1653 1196 circa
1680 1172 1820 1196 eorum
1847 1157 2091 1195 constitutio-

1135 1222 1225 1247 nem
1253 1216 1293 1249 et
1318 1213 1478 1250 vivendi
1511 1214 1707 1250 rationem
1738 1214 1954 1257 innovata,
1982 1224 2018 1247 v.
2047 1223 2086 1258 g.

1133 1267 1406 1314 exemptiones
1433 1268 1666 1315 abrogatae,
1693 1268 1821 1304 omnis
1845 1279 1972 1303 nexus
1999 1278 2087 1303 cum

1133 1322 1335 1357 extraneis
1374 1322 1576 1366 sublatus,
1611 1322 1867 1359 collectiones
1900 1321 2016 1369 stipis
2050 1324 2089 1358 et

1133 1374 1341 1411 missiones
1369 1375 1600 1423 prohibitae,
1622 1376 1770 1423 gradus
1795 1375 1955 1412 honoris
1980 1374 2090 1411 velut

1134 1429 1314 1475 magistri
1341 1434 1381 1465 et
1406 1429 1624 1466 definitoris
1643 1430 1846 1478 abrogati,
1865 1441 1991 1466 novus
2009 1439 2089 1464 mo-

1133 1482 1203 1518 dus
1229 1483 1396 1530 eligendi
1437 1485 1663 1531 superiores
1699 1484 1970 1532 praescriptus
1988 1512 1997 1528 ‚
2023 1483 2090 1519 ho·

1135 1548 1299 1584 rumque
1334 1538 1372 1574 in
1402 1538 1578 1575 subditos
1610 1543 1787 1587 potestas
1822 1539 2002 1574 limitata.
2031 1537 2090 1573 Si-

1133 1591 1247 1627 miles
1272 1592 1600 1629 monasteriorum
1631 1593 1937 1630 reformationes
1962 1592 2084 1628 intro-

1133 1644 1256 1690 duxit,
1277 1657 1403 1693 eaque
1433 1647 1552 1683 etiam
1582 1646 1630 1682 ad
1658 1647 1852 1683 minorem
1878 1656 2087 1682 numerum

1133 1700 1340 1736 restrinxit
1367 1701 1520 1747 Ioseplii
1548 1701 1578 1736 11
1607 1701 1732 1737 frater
1751 1700 1986 1749 Leopoldus,
2005 1711 2088 1736 ma-

1133 1764 1232 1799 gnus
1251 1753 1328 1790 dux
1347 1755 1578 1791 Hetruriae.
1597 1755 1759 1791 illorum
1784 1754 2009 1802 exemplum
2027 1765 2085 1791 se-

1132 1812 1244 1844 cutus
1272 1812 1332 1844 est
1358 1809 1635 1845 Ferdinandus
1670 1809 1722 1845 IV
1742 1839 1750 1855 ‚
1778 1821 1850 1846 rex
1880 1808 2087 1856 utriusque

1131 1862 1291 1899 Siciliae
1309 1892 1317 1907 ,
1346 1865 1410 1911 qui
1450 1865 1726 1901 communione
1753 1863 1998 1911 regularium
2027 1874 2087 1900 re-

1131 1918 1197 1962 gni
1226 1917 1284 1953 sui
1312 1929 1399 1953 cum
1428 1919 1631 1956 extraneis
1659 1918 1876 1966 prohibita,
1901 1916 2087 1954 constitui

1131 1971 1286 2007 curavit
1321 1971 1490 2009 vicarios
1523 1973 1759 2020 generales,
1795 1983 1819 2009 a
1851 1971 2086 2020 praepositis

1131 2026 1380 2071 generalibus
1423 2027 1576 2064 Romae
1619 2027 1883 2064 residentibus
1929 2025 2085 2074 quidem

1131 2079 1371 2126 approbatos
1385 2109 1393 2124 ,
1412 2081 1481 2117 sed
1502 2081 1550 2117 ab
1569 2081 1625 2118 eis
1645 2080 1967 2128 independentes.
1988 2079 2087 2117 Cae-

1134 2137 1261 2168 terum
1290 2134 1361 2170 sub
1388 2145 1433 2170 eo
1460 2135 1705 2171 monasteria
1738 2145 1864 2181 pauca
1890 2133 1930 2169 in
1956 2143 2081 2181 regno

1132 2187 1336 2234 Neapolis,
1359 2189 1464 2225 nulla
1482 2200 1578 2225 vero
1597 2190 1636 2224 in
1655 2188 1792 2225 Sicilia
1808 2188 1963 2224 sublata
1981 2191 2082 2224 sunt.

1178 2242 1236 2277 71.
1265 2241 1340 2278 SS.
1367 2241 1642 2290 Redemptor-is
1671 2241 1990 2290 congregatio-
2007 2240 2086 2277 No-

1128 2305 1218 2330 vam
1249 2301 1380 2331 autem
1409 2296 1683 2342 religiosorum
1722 2295 2085 2343 Congregationem

1130 2350 1203 2385 hoc
1221 2351 1380 2386 saeculo
1400 2350 1566 2387 instituit
1583 2363 1613 2387 s.
1635 2351 1859 2399 Alphonsus
1879 2351 1936 2386 M.
1955 2350 2002 2387 de
2025 2349 2087 2386 Li-

1130 2403 1253 2451 gorio,
1281 2404 1582 2452 Neapolitanus;
1603 2406 1665 2453 qui
1685 2416 1787 2441 auno
1809 2405 1899 2443 1696
1916 2403 2084 2452 Neapoli

1129 2458 1321 2495 nobilibus
1354 2460 1585 2507 parentibus
1612 2464 1726 2496 natus
1745 2489 1754 2504 ,
1781 2471 1805 2496 a
1832 2471 1954 2507 puero
1981 2459 2085 2494 mira

1131 2512 1289 2559 pietatis
1315 2518 1355 2550 et
1381 2514 1528 2561 ingenii
1556 2514 1777 2563 specimina
1802 2514 1920 2551 dedit.
1945 2513 2022 2550 Vix
2040 2513 2085 2550 16

1130 2567 1242 2603 annis
1259 2571 1386 2611 natus,
1401 2568 1436 2603 in
1455 2569 1582 2616 patria
1596 2568 1867 2604 Universitate
1880 2568 2084 2615 utriusque

1131 2621 1226 2656 iuris
1241 2621 1421 2658 lauream
1439 2628 1675 2659 consecutus
1689 2626 1762 2659 est.
1783 2622 1883 2658 Tum
1901 2622 1938 2657 in
1954 2621 2083 2657 forum

1130 2686 1218 2710 cum
1247 2687 1394 2723 magna
1421 2677 1534 2714 laude
1562 2677 1787 2721 descendit;
1815 2675 1884 2713 sed
1910 2675 2085 2724 pericula

1131 2729 1213 2765 eius
1240 2735 1442 2778 expertus,
1470 2732 1646 2768 clericali
1674 2731 1836 2767 militiae
1855 2741 2000 2766 nomen
2022 2729 2085 2766 de-

1130 2783 1198 2819 dit.
1228 2784 1423 2821 Sacerdos
1453 2786 1594 2831 sactus,
1626 2790 1733 2822 tanto
1759 2786 1843 2822 zelo
1862 2785 1900 2821 in
1919 2784 2019 2820 vitia
2036 2783 2086 2819 ir-

1131 2838 1231 2882 ruit,
1260 2844 1301 2875 ut
1341 2840 1556 2887 apostolico
1594 2851 1758 2876 munere
1785 2840 1953 2887 fungens
1973 2866 1982 2882 ‚
2008 2837 2083 2873 huc

1133 2891 1221 2928 illuc
1252 2895 1491 2941 pervolans,
1522 2895 1723 2942 ingentem
1751 2893 1992 2942 perditorum
2020 2891 2087 2928 ho-

1131 2947 1276 2983 minum
1306 2959 1513 2984 numerum
1543 2948 1591 2984 ad
1619 2949 1823 2985 meliorem
1851 2947 1971 2983 vitam
1992 2956 2082 2982 con·

1129 3005 1321 3038 verteret.
1351 3002 1577 3050 I'auperum
1606 3003 1843 3050 praesertim
1868 3005 1909 3038 et
1933 3000 2082 3036 rurico—

1131 3054 1257 3090 larum
1287 3056 1512 3100 miseratus,
1541 3068 1605 3093 an.
1636 3057 1727 3093 1732
1745 3069 1765 3093 e
1785 3066 1976 3093 consensu
1994 3054 2081 3091 Cle-

1128 3109 1270 3145 mentis
1297 3109 1367 3146 Xll
1397 3111 1538 3147 Scalae
1567 3111 1772 3148 constituit
1796 3107 2080 3158 Congregatio-

1128 3173 1216 3197 nem
1254 3164 1575 3211 presbyterorum
1602 3177 1654 3201 ss.
1682 3164 1985 3212 Redemptoris,
2013 3162 2075 3210 qui

1128 3227 1202 3250 non
1219 3216 1343 3251 solum
1360 3218 1532 3263 regulari
1548 3219 1631 3255 vita
1646 3219 1829 3266 propriae
1843 3217 2075 3265 perfectioni
