2241 3473
245 165 325 206 404

189 255 384 281 summam
412 243 595 279 iniuriam
623 243 662 278 in
687 242 761 277 hoc
788 241 1001 278 discrimen
1026 241 1142 277 addu-

190 302 276 342 cta,
298 304 339 335 ut
366 299 427 334 vel
454 297 726 333 schismaticos
752 296 1053 344 haereticosque
1081 307 1144 342 pa-

188 356 340 396 stores,
372 351 530 398 politica
557 351 795 386 auctoritate
824 350 1017 395 intrusos,
1049 350 1144 385 reci-

187 410 326 453 peret,
356 405 416 441 vel
445 416 689 452 quocumque
717 404 968 440 sacerdotum
999 404 1143 440 auxilio

187 464 227 495 et
254 459 471 494 ministerio
502 458 727 505 privaretur
747 460 772 492 ¹.
795 458 881 505 Ipse
903 458 1087 494 Pontifex
1109 459 1143 493 in

186 512 306 548 citata
336 512 552 560 Encyclica
584 512 756 548 maxime
789 518 975 559 quaestus
1007 517 1070 548 est
1097 512 1145 548 de

187 566 387 609 omnibus,
408 577 507 614 quae
535 567 573 601 in
602 567 787 602 Helvetia
815 568 1048 613 agebantur.
1071 567 1146 602 Ta-

186 621 242 656 les
268 620 510 656 schismatici
538 625 578 656 et
604 620 795 656 haeretici
824 623 887 668 qui
919 634 962 657 se
996 625 1144 657 veteres

187 673 410 709 catholicos
437 674 584 718 dicunt,
612 675 651 709 in
682 674 876 712 dioecesis
905 675 1145 712 Basileensis

191 728 396 764 territorio
423 734 463 764 et
489 729 527 764 in
560 729 646 764 aliis
672 729 787 766 huius
817 730 993 777 regionis
1023 731 1144 774 locis,

191 781 296 817 civili
324 783 563 818 auctoritate
591 784 747 819 favente
771 812 779 827 ,
806 783 1019 821 damnatae
1050 796 1145 821 suae

191 840 325 871 sectae
342 836 604 873 ministerium
621 838 876 882 exercebant,
893 848 932 874 et
949 839 1147 875 violenter

187 890 394 936 occupatis
423 901 492 936 per
513 896 717 939 apostatas
737 892 1006 940 presbyteros,
1026 893 1145 929 etiam

187 954 236 979 ex
262 943 395 979 vicina
422 945 551 980 Gallia
577 950 741 981 vocatos
759 974 767 989 ,
796 947 992 993 paroeciis
1020 953 1060 983 et
1086 959 1147 984 ec-

194 997 336 1041 clesiis,
355 998 501 1034 nullum
531 999 680 1035 fraudis
708 1005 749 1035 et
775 1000 873 1035 artis
893 1012 1017 1047 genus
1037 1002 1146 1037 omit-

187 1051 324 1087 tebant
349 1055 393 1087 ut
419 1053 642 1090 catholicae
672 1054 879 1091 Ecclesiae
905 1055 973 1090 filii
991 1056 1029 1091 in
1050 1056 1148 1091 schi-

184 1116 271 1141 sma
293 1105 439 1142 misere
460 1106 760 1143 inducerentur.
783 1108 836 1144 Ut
855 1113 988 1145 autem
1010 1110 1148 1146 haere-

188 1158 285 1194 ticas
313 1170 404 1195 suas
423 1159 629 1197 doctrinas
649 1162 729 1198 late
749 1161 1036 1207 diffunderent,
1056 1175 1149 1199 non-

187 1213 281 1247 nulli
308 1213 430 1249 etiam
461 1225 597 1251 eorum
628 1227 770 1252 munus
797 1216 962 1254 docendi
990 1229 1147 1254 sacram

187 1266 430 1314 theologiam
446 1274 709 1317 susceperunt
730 1270 767 1305 in
778 1271 1148 1309 UniversitateBer-

187 1321 314 1365 nensi,
344 1327 556 1368 sperantes
582 1323 657 1360 hac
684 1325 839 1362 ratione
866 1326 968 1371 fore,
986 1331 1030 1362 ut
1058 1328 1151 1362 novi

186 1385 208 1410 e
235 1375 436 1412 iuventute
455 1377 652 1414 catholica
671 1380 850 1416 asseclae
870 1392 966 1417 suae
987 1380 1152 1417 damna-

187 1433 251 1464 tae
279 1429 440 1465 factioni
460 1437 769 1478 apponerentur.
790 1434 884 1470 Pius
905 1434 972 1482 Pp.
997 1435 1051 1470 IX
1072 1436 1152 1470 lau-

187 1482 287 1519 datis
315 1484 456 1520 litteris
475 1485 552 1522 diei
568 1486 611 1522 21
629 1488 811 1524 novemb.
833 1489 923 1526 1873
938 1490 1151 1526 damnave-

187 1542 249 1573 rat
267 1537 458 1574 eiusmodi
477 1543 643 1585 sectam,
665 1542 795 1579 altera
813 1543 1028 1592 Encyclica
1049 1546 1151 1581 Gra-

185 1602 247 1627 ves
275 1594 310 1627 ct
336 1591 551 1630 diuturnae
579 1595 624 1631 23
652 1596 784 1632 martii
808 1597 898 1634 1875
917 1599 1062 1635 iterum
1082 1600 1152 1637 hos

185 1644 409 1683 haereticos
437 1648 727 1686 condemnavit.

235 1701 349 1737 Anno
368 1713 465 1737 vero
484 1703 574 1739 1876
589 1715 714 1740 mens.
737 1706 1152 1754 septembr.‡eiusdem

189 1752 416 1791 haereticae
444 1760 484 1792 et
503 1757 783 1795 schismaticae
802 1764 937 1797 sectae
958 1763 1151 1807 asseclae,

188 1807 386 1855 iniquitati
414 1814 453 1846 et
481 1812 699 1848 temeritati
726 1825 821 1850 suae
848 1827 995 1852 novum
1023 1818 1153 1853 scelus

189 1861 360 1900 adiicere
388 1875 466 1899 non
492 1865 777 1911 formidantes,
797 1870 995 1906 notorium
1023 1883 1153 1918 quem-

190 1915 280 1952 dam
307 1927 331 1952 a
357 1918 553 1954 catholica
570 1920 645 1956 fide
664 1926 902 1968 apostatam,
923 1924 1151 1961 Eduardum

192 1970 365 2018 Herzog,
380 1972 435 2008 uti
453 1973 598 2009 dictum
619 1977 719 2019 est2‚
743 1988 764 2013 e
785 1988 888 2025 pago
908 1979 1153 2016 Lucernensi

191 2034 215 2059 a
234 2025 408 2072 legitimo
424 2027 639 2064 Ordinario
658 2041 728 2065 suo
748 2034 1151 2070 excommunicationi

190 2079 425 2123 subiectum,
455 2082 740 2128 produxerunt,
768 2097 885 2132 quem
914 2087 1148 2125 haereticali

191 2138 387 2170 conventu
407 2135 528 2170 Ultini
544 2149 657 2172 suum
675 2139 913 2187 Episcopum
932 2143 1153 2188 proclama-

190 2192 294 2232 runt,
314 2199 361 2224 ac
387 2188 528 2226 deinde
557 2191 763 2238 loseplium
784 2194 1007 2230 Hubertum
1029 2197 1149 2233 Rein-

190 2240 305 2286 kens,
329 2253 353 2278 a
380 2242 572 2281 pontifice
603 2246 839 2293 iampridem
867 2249 915 2284 ab
943 2250 1148 2288 Ecclesiae

189 2297 465 2334 communione
481 2302 813 2346 segregatum²³,in
829 2303 969 2350 oppido
991 2305 1147 2342 Rheno-

190 2349 353 2387 l'eldensi
385 2353 586 2400 sacrilega
614 2357 871 2392 caeremonia
904 2358 1151 2408 pseudo—epi-

195 2416 356 2452 scopum
378 2409 607 2444 consecrari
628 2414 833 2445 curarunt.
854 2411 888 2446 Is
909 2417 1040 2448 autem
1062 2420 1150 2461 post

192 2460 434 2508 sacrilegam
461 2463 804 2500 consecrationem
832 2471 1056 2513 acceptam,
1085 2481 1147 2506 ve-

193 2513 289 2549 ritus
322 2526 399 2550 non
435 2520 525 2560 est,
565 2517 717 2553 litteras
753 2518 790 2553 in
825 2519 967 2566 vulgus
998 2522 1149 2567 edere,

193 2567 329 2613 quibus
360 2570 398 2605 S.
429 2570 572 2607 Sedem
605 2571 795 2608 audacter
828 2573 1072 2620 impetebat,
1112 2583 1151 2614 et

192 2622 439 2659 Catliolicum
475 2625 680 2662 Ecclesiae
717 2627 864 2662 clerum
892 2627 939 2662 ad
974 2630 1150 2666 rebellio-

194 2687 283 2711 nem
312 2678 489 2715 excitare
522 2680 719 2716 studebat.
758 2680 978 2718 Praeterea
1000 2712 1008 2726 ,
1045 2686 1150 2720 omni

196 2729 371 2776 legitima
406 2733 592 2769 missione
629 2738 668 2770 et
695 2734 965 2772 iurisdictione
994 2748 1149 2783 carens,

194 2785 391 2821 nonnullis
411 2798 431 2822 e
451 2788 714 2823 sectatoribus
729 2788 1035 2827 scelestissimae
1055 2803 1149 2829 suae

192 2837 422 2876 desectionis
441 2841 735 2878 sacerdotalem
756 2842 944 2879 Ordinem
966 2847 1148 2883 conferre

193 2895 547 2941 praesumpsitllis
563 2896 684 2931 etiani
698 2896 869 2933 lideliuni
888 2899 1074 2944 periculis
1087 2913 1148 2936 oc—

192 2958 355 2984 currens
380 2949 472 2986 Pius
492 2950 805 2997 Pp-lX,Litteris
825 2951 864 2987 in
884 2953 1011 2990 forma
1030 2955 1147 2991 Brevi

238 3044 244 3064 ¹
266 3044 305 3075 (is
323 3046 436 3077 librum
461 3047 571 3078 titulo:
590 3047 736 3079 Histoire
755 3045 794 3078 ‘Ie
812 3048 844 3079 ln
860 3045 1079 3088 pa'rsecutwn
1097 3060 1148 3082 re—

192 3088 330 3128 liyieuse
356 3091 441 3123 (lans
465 3093 494 3125 le
516 3092 601 3125 dura
625 3093 764 3125 llernois
782 3118 789 3131 ,
818 3094 1039 3135 1873-1875,
1060 3097 1147 3128 Paris

198 3135 294 3167 18713.
310 3136 364 3169 llic
380 3138 460 3170 liber
475 3141 611 3172 maxime
624 3140 863 3172 commendatus
875 3145 923 3171 cst
938 3151 952 3172 ιι
966 3141 1018 3172 l‘io
1033 3140 1089 3183 Pp.
1105 3142 1144 3174 lx

196 3180 314 3212 litteris
335 3184 365 3214 iu
387 3184 487 3218 surina
505 3186 597 3218 Brevi
618 3185 658 3216 27
681 3185 776 3227 april.
802 3186 886 3216 1876
905 3186 1063 3230 Episcopo
1089 3189 1148 3221 Ba-

195 3225 329 3259 silccnsi
350 3229 445 3262 datis.

240 3270 253 3291 ²
273 3272 346 3313 rag.
366 3275 441 3308 385.
463 3295 502 3299 —
520 3275 534 3294 ³¹
560 3276 627 3309 Vid.
649 3287 681 3319 p.
702 3276 779 3308 385.

535 176 702 203 EPOCHA
722 176 814 203 XIII.
839 176 866 202 A
888 176 1071 203 PVBLICA
1093 177 1242 203 RERVM
1264 176 1306 203 IN
1328 174 1499 203 GALLIIS
1520 175 1810 205 SVBVERSIONE

1192 243 1214 279 6
1230 241 1432 277 decembr.
1453 241 1558 286 1876,
1578 242 1722 279 iterum
1742 243 1872 289 palam
1891 243 2096 280 damnavit
2114 247 2155 281 et

1194 296 1424 343 reprobavit
1440 296 1574 344 impia,
1590 308 1690 344 quae
1706 298 1745 332 in
1762 298 1967 335 Helvetica
1986 300 2151 346 regione

1194 356 1353 396 patrata
1395 350 1566 386 fuerant.
1613 351 1762 387 Deinde
1808 353 2154 390 consecrationem

1194 404 1367 440 Eduardi
1404 405 1565 451 Herzog
1599 406 1746 440 nullam
1781 405 2028 450 declaravit,
2064 405 2156 453 quin

1198 459 1274 494 imo
1313 459 1482 506 idipsum
1518 459 1879 496 excommunicavit
1912 465 1952 497 et
1990 460 2153 498 anathe-

1199 513 1414 550 matizavit.

1243 567 1371 608 Quum
1400 579 1496 603 vero
1523 567 1575 603 ibi
1602 568 1728 603 civilis
1755 571 1931 615 potestas
1951 569 2051 605 alias
2076 568 2156 606 edi-

1195 620 1298 656 derit
1325 621 1457 668 leges,
1476 622 1635 656 omnino
1663 622 1923 658 adversantes
1952 622 2153 658 canonicis

1199 675 1577 722 praescriptionibus
1604 687 1703 723 quae
1729 676 1987 712 christianum
2016 676 2157 712 Matri-

1198 728 1371 764 monium
1400 729 1644 776 respiciunt,
1671 730 1755 777 ipse
1784 729 1967 766 Pontifex
1993 730 2154 777 Episco-

1199 793 1268 828 pos
1295 782 1476 818 hortatus
1503 788 1576 827 est,
1604 790 1647 819 ut
1672 784 1906 831 opportunis
1932 783 2157 820 instructio-

1198 836 1309 872 nibus
1341 836 1522 873 fidelibus
1553 837 1802 885 explicarent
1835 838 2074 874 catholicam
2108 836 2172 874 de'

1200 890 1458 927 Matrimonio
1486 891 1738 937 doctrinam,
1766 892 1804 928 in
1834 896 2010 929 mentem
2041 903 2153 939 prae-

1198 944 1337 980 sertim
1365 952 1625 991 revocantes,
1646 958 1746 994 quae
1775 947 1936 983 Litteris
1962 945 2160 992 Apostoli-

1199 999 1255 1034 cis
1275 1003 1315 1035 et
1333 1000 1643 1037 Allocutionibus
1662 1001 1797 1037 diebus
1815 1001 1837 1037 9
1855 1005 1895 1038 et
1913 1001 1958 1037 27
1986 1003 2156 1048 septem-

1199 1053 1279 1089 bris
1304 1054 1396 1090 1852
1422 1054 1636 1090 constituta
1662 1055 1789 1091 fuere.

1248 1108 1282 1143 Is
1309 1113 1399 1144 erat
1427 1108 1464 1143 in
1486 1109 1673 1145 Helvetia
1691 1110 1751 1145 rei
1777 1109 1998 1147 catholicae
2017 1113 2158 1155 status,

1201 1173 1289 1198 cum
1311 1163 1390 1199 Leo
1409 1163 1499 1199 Xlll
1519 1175 1673 1200 summo
1694 1164 1925 1211 pontificatu
1948 1165 2157 1213 potiretur.

1202 1215 1275 1256 Qui
1304 1216 1485 1253 Praesidi
1519 1217 1818 1254 foederatorum
1851 1217 2052 1265 Pagorum
2083 1218 2162 1255 ele-

1202 1271 1374 1306 ctionem
1403 1283 1513 1307 suam
1542 1272 1788 1320 significans,
1808 1272 1870 1309 die
1898 1273 1944 1310 20
1970 1272 2162 1309 februarii

1204 1325 1307 1368 1878,
1337 1325 1445 1361 illum
1473 1327 1587 1363 enixe
1619 1327 1882 1374 efflagitabat,
1901 1331 1944 1364 ut
1971 1327 2163 1363 lamenta-

1203 1379 1343 1415 bilibus
1381 1381 1587 1418 Ecclesiae
1622 1381 1866 1429 temporibus
1902 1381 1942 1417 in
1975 1381 2162 1418 Helvetia

1202 1434 1431 1470 necessaria
1459 1445 1506 1471 ac
1525 1436 1755 1483 praesentia
1775 1437 2016 1472 afferrentur
2035 1447 2162 1472 reme-

1204 1486 1280 1522 dia.
1298 1488 1406 1524 Inter
1425 1487 1525 1525 haec
1543 1489 1861 1536 sapientissimus
1880 1489 2065 1526 Pontifex
2083 1493 2163 1526 sta-

1204 1541 1290 1585 tuit,
1318 1541 1547 1579 dioeceseos
1578 1543 1807 1580 Laudanen.
1837 1546 1876 1579 et
1902 1544 2088 1580 Genevae
2122 1543 2161 1579 in

1202 1607 1322 1632 unam
1343 1596 1572 1634 coalescere
1599 1600 1625 1642 1,
1646 1598 1759 1646 eique
1779 1597 2017 1646 Episcopum
2037 1597 2156 1641 dedit,

1204 1650 1451 1687 Concistorio
1479 1651 1555 1688 diei
1583 1652 1627 1688 12
1654 1652 1786 1688 martii
1814 1652 1925 1696 1883,
1946 1652 1993 1687 D.
2013 1652 2164 1700 Gaspa-

1207 1716 1293 1740 rem
1330 1705 1557 1741 Mermillod
1579 1735 1587 1750 ,
1614 1707 1676 1754 qui
1704 1707 1779 1742 hac
1814 1707 1971 1743 ratione
2005 1707 2162 1754 potuit,

1204 1763 1292 1806 post
1309 1760 1492 1796 undecim
1509 1771 1633 1796 annos
1652 1761 1772 1805 exilii,
1794 1761 2020 1797 Helvetiam
2048 1772 2162 1808 repe-

1206 1815 1585 1858 tere,exultantibus
1611 1815 1791 1852 fidelibus
1817 1815 1969 1862 populis
1995 1818 2163 1862 quatuor

1204 1879 1415 1915 pagorum,
1443 1869 1507 1917 qui
1535 1870 1798 1917 compositam
1832 1869 2045 1906 dioecesim
2072 1881 2163 1905 con-

1204 1924 1385 1959 stituunt.
1408 1924 1623 1960 Consilium
1653 1925 1786 1961 Status
1814 1923 2060 1961 Genevensis
2077 1935 2168 1972 pro-

1204 1979 1343 2014 testari
1371 1978 1476 2015 haud
1503 1979 1662 2023 omisit,
1691 1991 1732 2015 se
1767 1979 1916 2015 nullam
1946 1989 2165 2027 agnoscere

1204 2032 1398 2080 Gasparis
1425 2033 1656 2069 Mermillod
1686 2033 1998 2070 iurisdictionem
2025 2033 2066 2068 in
2093 2033 2166 2070 Ge-

1206 2098 1380 2123 ncvense
1408 2098 1569 2134 pagum.
1597 2089 1651 2123 At
1677 2087 1865 2135 Episcopi
1898 2087 2035 2132 dotes,
2067 2087 2164 2123 cleri

1205 2140 1413 2188 populique
1442 2141 1568 2178 fidelis
1596 2141 1724 2189 pietas
1742 2145 1782 2178 et
1800 2141 1838 2176 in
1858 2142 2082 2177 Romanam
2097 2141 2165 2177 Se—

1203 2194 1292 2230 dem
1319 2194 1496 2239 devotio,
1517 2196 1627 2231 cuius
1654 2195 1948 2242 apertissimum
1975 2194 2163 2230 iudicium

1205 2252 1266 2284 est
1292 2249 1480 2285 solemnis
1506 2250 1684 2297 receptio
1712 2249 1898 2297 Friburgi
1920 2250 2026 2285 facta
2046 2248 2165 2285 adve-

1205 2302 1326 2338 nienti
1355 2304 1551 2350 Episcopo
1570 2332 1578 2347 ,
1608 2305 1645 2338 in
1672 2314 1783 2351 spem
1811 2314 1949 2340 omnes
1977 2303 2164 2350 erigunt,

1202 2356 1303 2392 sicut
1330 2356 1364 2392 ei
1394 2361 1481 2403 post
1506 2357 1795 2394 Consistorium
1824 2358 1903 2394 Leo
1930 2357 2019 2393 Xlll
2047 2367 2160 2404 prae-

1202 2409 1312 2452 dixit,
1340 2415 1496 2458 tempus
1525 2422 1647 2459 prope
1679 2423 1780 2455 esse,
1809 2423 1883 2459 quo
1912 2411 2040 2448 omnis
2067 2411 2162 2448 Hel-

1202 2464 1310 2500 vetia
1336 2475 1434 2511 pace
1462 2464 1649 2512 religiosa
1676 2465 1865 2513 gaudeat·

1248 2520 1305 2555 87.
1328 2518 1536 2554 Ecclesiae
1554 2521 1682 2555 statas
1702 2520 1742 2555 in
1759 2518 1957 2568 Angylia—
1970 2520 2050 2556 Iam
2066 2519 2159 2556 vidi-

1203 2583 1287 2608 mus
1305 2584 1387 2608 rem
1406 2572 1663 2609 christianam
1682 2573 1718 2609 in
1733 2574 1838 2611 hisce
1858 2573 1976 2611 terris
1992 2573 2162 2610 maxime

1203 2627 1391 2670 crevisse,
1403 2628 1638 2674 praesertim
1657 2631 1745 2675 post
1761 2628 2067 2665 Ecclesiasticae
2084 2628 2165 2664 hie-

1204 2681 1384 2717 rarchiae
1406 2681 1728 2718 institutionem2.
1747 2682 1825 2719 Sed
1842 2686 1979 2730 postea
1997 2683 2163 2730 Aposto-

1204 2735 1301 2771 licae
1328 2734 1419 2771 Sedi
1453 2736 1675 2772 nuntiatum
1704 2737 1796 2779 fuit,
1827 2737 2043 2773 catholicos
2069 2747 2164 2772 non-

1204 2790 1329 2825 nullos
1348 2795 1388 2826 et
1405 2790 1553 2837 aliquot
1568 2791 1862 2828 ecclesiasticos
1879 2802 2030 2839 quoque
2052 2791 2162 2828 viros

1203 2844 1381 2880 societati
1404 2873 1412 2887 ‚
1452 2844 1505 2879 acl
1537 2846 1867 2892 procurandam,
1895 2847 1951 2882 uti
1980 2845 2159 2882 aiebant.

1203 2898 1527 2935 Christianitatis
1546 2900 1750 2944 unitatem,
1765 2900 1930 2936 Londini
1950 2911 2054 2936 anno
2071 2901 2161 2938 1857

1203 2956 1379 2996 erectae,
1396 2964 1537 2989 nomen
1554 2953 1720 2990 dedisse.
1736 2954 1941 2995 Quaenam
1958 2965 2054 2991 vero
2069 2954 2160 2990 suis-

1203 3011 1262 3041 set
1282 3006 1394 3042 liuius
1413 3007 1615 3043 societatis
1636 3008 1804 3050 indoles,
1826 3009 1886 3044 vel
1907 3019 1980 3056 quo
2007 3019 2055 3045 ea
2072 3019 2157 3056 spe-

1203 3061 1349 3104 ctabat,
1371 3065 1450 3096 tum
1478 3073 1527 3098 cx
1546 3063 1722 3099 articulis
1741 3062 2006 3110 ephemeridis
2032 3062 2094 3099 cui
2115 3063 2159 3098 ti-

1252 3192 1257 3211 ¹
1281 3189 1396 3220 Harum
1426 3188 1624 3221 dioecesium
1653 3190 1798 3223 notitiam
1825 3191 1926 3224 refert
1951 3190 2083 3234 Epliem.
2112 3190 2157 3224 La

1206 3234 1349 3313 Sciegza
1368 3233 1558 3311 e32512b'ede,
1574 3236 1639 3268 vol.
1659 3244 1762 3278 cxxX,
1779 3247 1811 3280 p.
1829 3238 1888 3270 171
1911 3247 1983 3281 sqq,
1999 3237 2063 3269 507
2083 3247 2155 3280 sqq.

1247 3286 1259 3306 Ἴ
1305 3291 1355 3321 ag.
1390 3295 1393 3297 ·
1417 3292 1425 3309 ›
1458 3305 1462 3311 .
