2241 3473
635 167 772 197 VSQVE
801 168 852 195 An
874 167 1158 196 PRAESENTEM
1182 167 1385 194 AETATEM

82 236 138 272 rei
166 234 341 284 publicae
369 235 535 278 formas,
566 236 662 272 iuris
688 237 802 279 novi,
837 240 880 272 ut
905 237 1028 280 aiunt,

82 289 1026 337 principiisinnixas.«Prosect0,subditPontifex,

79 344 161 380 Nos
186 343 257 390 ipsi
285 350 373 380 ante
401 356 537 381 omnes
562 356 812 392 summopere
841 345 1029 392 cupimus,

80 401 122 432 ut
148 397 317 432 humana
344 400 511 434 societas
539 399 752 434 christiano
789 409 896 435 more
925 410 1026 434 com-

1893 153 1972 192 413

1080 234 1163 270 sine
1189 234 1318 281 aliquo
1346 233 1566 270 animorum
1594 235 1706 269 aestu
1725 232 1762 268 in
1789 232 1926 278 Belgio
1946 231 2027 278 agi-

1084 288 1186 331 tari,
1214 288 1365 324 litteras
1399 287 1446 323 ad
1482 287 1647 324 eandem
1682 287 1722 323 S.
1742 286 2026 333 Congregatio-

1085 353 1171 378 uem
1188 341 1328 377 Indicis
1355 342 1620 388 scripserunt,
1648 340 1820 377 calendis
1851 340 2026 376 februar.

1083 406 1143 431 an.
1177 396 1276 433 1860.
1312 396 1623 442 Expostulabant
1650 395 1702 430 illi
1729 399 1911 430 oratores
1932 421 1940 436 ‚
1985 397 2028 430 ut

82 454 262 496 ponatur.
292 457 405 498 atque
432 457 474 488 ut
500 463 636 488 omnes
670 451 840 487 civitatis
875 452 1030 488 ordines
1084 451 1121 485 S.
1144 449 1410 495 Congregatio
1441 449 1685 493 declararet,
1718 453 1849 485 utrum
1884 458 2024 484 eorum

82 501 213 538 divina
230 503 372 541 Christi
401 505 523 541 virtus
552 509 733 552 penetret
758 516 804 540 ac
824 505 1028 552 pervadat.

130 557 315 592 Attamen
344 558 522 593 catholici
552 558 624 593 viri
660 569 795 594 omnes
827 559 856 594 si
884 559 1032 595 utiliter

86 609 124 644 in
151 620 355 646 commune
376 611 515 646 bouum
535 612 740 648 elaborare
765 612 911 654 velint,
939 623 1032 659 prae

87 663 210 699 oculis
238 664 404 700 habeant
433 671 471 700 et
490 665 658 701 fideliter
685 672 898 713 sequautur
925 677 1034 713 opor-

91 719 145 751 tet
164 717 384 752 consultam
404 718 545 764 agendi
566 719 756 755 rationem
785 731 899 766 quam
920 720 956 754 in
977 720 1034 755 his

88 768 205 805 rebus
239 769 423 806 adhibere
459 772 559 807 solet
586 772 783 807 Ecclesia:
812 783 909 819 quae
946 773 1035 809 licet

87 822 314 858 caelestium
342 823 607 860 doctrinarum
636 826 903 873 iutegritatem
932 826 1035 862 iusti-

85 875 239 923 tiaeque
267 877 460 923 priucipia
481 879 689 914 inviolabili
711 881 900 915 firmitate
928 885 1034 916 tuea-

88 932 165 972 tur,
185 930 430 977 maximeque
450 932 624 967 enitatur
643 937 685 967 ut
704 933 866 979 privatis
886 933 1034 969 actibus

90 982 327 1030 publicisque
339 984 524 1021 institutis
539 990 577 1021 et
593 986 763 1022 moribus
778 986 917 1022 eadem
934 989 1035 1034 prin-

89 1036 191 1083 cipia
218 1037 486 1081 moderentur3
507 1050 672 1086 aequam
694 1047 823 1076 tamen
843 1040 958 1076 habet
977 1052 1036 1077 re·

86 1100 189 1133 rum,
219 1090 407 1133 locorum,
436 1099 735 1140 temporumque
764 1095 977 1137 rationem;
998 1100 1036 1130 et

87 1149 276 1190 saepe‚ut
291 1145 327 1180 in
345 1146 524 1182 humanis
544 1147 659 1183 rebus
677 1147 832 1189 assolet,
845 1148 1033 1194 quaedam

92 1198 314 1245 aliquandiu
343 1201 514 1237 tolerare
542 1203 696 1247 cogitur
715 1202 833 1245 mala,
853 1213 950 1249 quae
979 1213 1035 1238 re-

91 1254 242 1290 moveri
276 1255 342 1290 vix
373 1262 440 1291 aut
473 1267 521 1292 ne
556 1256 620 1291 vix
655 1256 807 1303 quidem
847 1261 1038 1303 possunt,

91 1307 180 1354 quin
215 1307 460 1354 gravioribus
499 1309 612 1344 malis
655 1314 694 1345 et
736 1311 1038 1357 perturbationi—

92 1361 160 1396 bus
194 1361 323 1397 aditus
356 1363 610 1409 aperiatur».
638 1362 699 1398 Ne
736 1363 855 1410 igitur
882 1376 1039 1400 concor—

91 1413 155 1450 dia
189 1416 291 1451 inter
323 1415 460 1452 fideles
495 1417 642 1462 Belgas
675 1417 899 1461 auferatur,
931 1419 1040 1454 Sum-

91 1478 176 1504 mus
210 1468 392 1506 Pontifex
433 1470 540 1506 iubet
572 1484 590 1504 «
616 1476 660 1506 ut
693 1472 866 1507 omnium
907 1472 1037 1508 docto-

91 1533 176 1557 rum
212 1522 404 1567 virorum,
440 1528 479 1560 et
505 1535 642 1560 eorum
676 1526 926 1572 praesertim,
962 1527 1040 1573 qui-

91 1575 160 1611 bus
184 1576 399 1613 iuventutis
419 1578 680 1614 instituendae
710 1590 849 1615 munus
875 1588 935 1616 est
955 1592 1039 1616 cre-

91 1627 236 1672 ditum,
264 1640 342 1666 una
375 1631 425 1666 sit
459 1642 569 1667 mens
601 1631 817 1680 eademque
845 1634 1041 1669 sententia

93 1682 131 1717 in
157 1682 236 1724 his,
264 1684 302 1718 in
321 1685 466 1731 ‘quibus
492 1685 747 1732 Apostolicae
775 1687 884 1723 Sedis
911 1694 1042 1723 aucto-

93 1736 190 1772 ritas
207 1737 461 1774 dissentiendi
488 1739 711 1776 libertatem
740 1752 814 1775 non
844 1741 1039 1788 relinquit.

93 1790 134 1825 In
153 1789 210 1825 bis
238 1798 370 1827 autem
398 1803 496 1838 quae
517 1793 739 1839 sapientum
775 1794 1043 1841 disputationi-

94 1842 165 1879 bus
193 1843 315 1880 libere
343 1846 637 1892 permittuntur,
666 1847 720 1882 ita
747 1848 905 1894 ingenia
932 1861 1041 1885 exer-

97 1903 329 1941 ceantur,ut
348 1900 636 1936 sententiarum
665 1901 870 1938 diversitas
897 1904 1044 1938 animo-

96 1962 182 1986 rum
217 1953 409 1988 unitatem
437 1959 476 1988 et
510 1954 754 1990 voluntatum
792 1956 1041 1992 concordiam

95 2015 171 2040 non
211 2006 468 2054 abrumpat».
509 2007 594 2047 Qua
625 2007 673 2044 de
714 2020 755 2044 re
797 2010 1043 2045 commendat

95 2059 174 2094 Leo
209 2059 298 2095 XllI
333 2066 545 2107 praecepta
578 2062 655 2096 iam
685 2062 831 2098 tradita
863 2074 887 2098 a
920 2064 1042 2099 Bene-

95 2112 198 2149 dicto
210 2113 301 2149 XlV
322 2115 360 2149 in
379 2115 668 2151 Constitutione
684 2116 871 2152 Sollicita
890 2129 938 2153 ac
953 2130 1042 2166 pro-

96 2166 208 2209 vida,
237 2173 276 2203 et
301 2168 458 2204 exhibet
486 2168 585 2205 idem
615 2172 842 2216 exemplar,
870 2172 970 2219 quod
997 2173 1044 2207 ad

97 2220 324 2257 imitandum
365 2234 456 2258 suus
490 2223 553 2259 ille
587 2224 783 2259 Decessor
819 2227 1022 2275 proposuit

96 2281 274 2310 sanctum
301 2275 490 2311 Thomam
521 2278 771 2324 Aquinatem.

144 2328 473 2377 Archicpiscopus
492 2331 789 2368 Mechliniensis
809 2361 816 2375 ,
846 2334 1043 2381 ceterique

101 2381 228 2428 Belgii
267 2383 480 2429 Episcopi,
519 2385 650 2420 statim
678 2386 837 2421 Summo
865 2386 1044 2423 Pontifici

103 2435 383 2480 rescribentes,
402 2437 581 2474 fecerunt
606 2450 693 2474 eum
722 2440 948 2481 certiorem,
969 2441 1045 2476 iam

103 2489 309 2525 evanuisse
337 2490 543 2537 deplorata
569 2491 744 2535 dissidia,
773 2505 936 2540 quorum
963 2496 1045 2541 ipsa

100 2543 269 2589 vestigia
295 2555 434 2580 recens
459 2545 587 2582 Breve
615 2547 886 2593 Apostolicum
913 2549 1043 2586 oblite·

102 2596 218 2633 rabit.

150 2649 207 2685 93.
240 2650 343 2686 Lites
364 2652 403 2687 in
425 2651 688 2689 Unicersitaie
708 2653 872 2689 Loucinii
889 2676 927 2681 —
942 2655 1044 2692 Post-

103 2715 217 2751 quam
245 2705 294 2741 ad
319 2707 582 2752 Augustinum
614 2707 1044 2754 Bonnetty,Annalium

103 2757 388 2806 Philosophiae
415 2760 661 2796 christianae
688 2761 924 2798 indefessum
945 2763 1045 2798 Scri-

103 2816 272 2858 ptorem,
293 2814 332 2848 S.
354 2813 493 2849 Indicis
511 2815 777 2861 Congregatio
794 2820 959 2862 quatuor
978 2818 1047 2852 mi-

103 2867 154 2902 sit
172 2868 473 2904 subscribendas
485 2869 790 2915 propositiones,
810 2870 944 2916 quibus
961 2871 1042 2907 eius

107 2919 505 2957 Traditionalismum
537 2922 764 2957 damnatum
798 2928 859 2958 est
883 2926 921 2967 ¹,
957 2936 1048 2960 non-

107 2974 200 3009 nulli
213 2976 482 3012 Lovanienses
502 2977 761 3022 professores,
772 2977 920 3013 scilicet
935 2978 1048 3014 I.Th.

107 3029 271 3072 Beelen,
300 3030 328 3065 1.
363 3031 408 3065 B.
445 3031 631 3072 Lefebve‚
661 3030 705 3065 G.
734 3031 777 3066 C.
803 3030 979 3077 Ubaghs‚
1011 3039 1050 3069 ct

105 3083 156 3118 N.
176 3083 204 3119 1.
233 3083 408 3126 Laforet‚
436 3084 797 3119 animadvertentes
824 3090 1049 3121 controver-

108 3136 204 3172 siam
233 3137 280 3172 dc
309 3138 471 3173 rationis
504 3138 700 3173 humanae
736 3138 772 3172 vi
808 3139 942 3175 nativa
974 3151 1050 3176 non

155 3245 257 3276 1vm.
278 3254 308 3286 p.
331 3243 407 3277 345.

1084 503 1279 538 sententia
1296 503 1402 538 circa
1423 503 1564 538 mentis
1583 502 1779 539 humanae
1805 502 1901 545 vim,
1931 513 2029 549 quae

1085 555 1259 602 indigent
1286 555 1526 591 institutione
1554 555 1952 602 aliquaintellectuali
1982 555 2030 591 ad

1085 608 1332 645 obtinendum
1367 620 1455 645 eum
1485 608 1646 645 rationis
1687 621 1798 645 usum
1823 638 1831 653 ,
1869 610 1932 656 qui
1972 609 2027 645 illi

1085 663 1252 698 sufficiat
1270 663 1317 698 ad
1336 663 1560 699 distinctam
1576 664 1646 699 Dei
1662 668 1701 700 et
1718 663 1930 699 veritatem
1951 673 2030 698 mo-

1090 717 1227 752 ralium
1244 717 1508 764 cognitionem
1519 717 1590 754 sibi
1606 717 1930 765 comparandam,
1943 728 2029 763 pos-

1088 776 1147 806 set
1162 771 1262 806 inter
1281 782 1348 807 eas
1366 772 1616 817 quaestiones
1632 771 1897 813 adnumerari,
1919 770 2028 806 circa

1087 835 1183 870 quas
1203 824 1415 871 philosophi
1435 824 1644 871 disputant,
1672 825 1733 860 vel
1761 825 1887 871 potius
1917 824 2027 860 reiici

1088 877 1249 913 deberet
1276 883 1472 924 tamquam
1492 878 1642 914 Calvini
1661 883 1701 914 et
1719 878 1804 913 Baii
1824 878 2024 924 perversis

1087 931 1274 967 doctrinis
1301 932 1532 967 cohaerens.
1551 932 1725 975 Alterius
1743 932 1855 969 huius
1881 930 2030 967 erroris

1090 985 1352 1031 professorum
1372 985 1657 1021 lovaniensium
1684 986 1921 1022 sententiam
1942 984 2032 1021 insi-

1089 1039 1239 1074 mulare
1267 1050 1342 1074 non
1370 1038 1647 1075 dubitaverant
1664 1039 1711 1074 D.
1741 1041 1884 1087 Lupus,
1920 1049 2034 1075 cano·

1089 1093 1199 1127 nicus
1227 1092 1454 1129 Leodiensis
1480 1095 1514 1136 1,
1544 1098 1582 1129 et
1616 1093 1643 1128 Ι.
1672 1092 1845 1129 Perrone
1873 1094 1912 1129 S.
1942 1093 1971 1128 I.
1995 1095 2032 1126 ².

1087 1145 1164 1181 Vix
1191 1157 1324 1182 mense
1351 1148 1496 1194 elapso,
1523 1147 1584 1183 die
1611 1146 1632 1182 2
1659 1146 1815 1189 martii,
1842 1147 2034 1194 Hierony—

1091 1210 1176 1235 mus
1203 1199 1422 1236 Cardinalis
1448 1200 1494 1236 de
1522 1200 1696 1243 Andrea,
1713 1200 1751 1236 S.
1772 1199 1914 1236 Indicis
1932 1201 2032 1237 Con-

1091 1253 1334 1299 gregationis
1368 1253 1612 1298 Praefectus,
1646 1254 1910 1302 professorum
1926 1254 2034 1290 lova-

1095 1307 1288 1342 niensium
1315 1306 1429 1343 dubia
1458 1309 1628 1351 solvens,
1664 1308 1868 1356 respondit
1901 1308 1938 1343 1⁰
1958 1319 2037 1344 me-

1099 1365 1290 1396 moratam
1325 1360 1543 1397 doctrinam
1578 1362 1803 1398 nullatenus
1829 1361 2035 1398 adversari

1093 1419 1258 1460 quatuor
1299 1415 1372 1450 illis
1406 1416 1762 1462 propositionibus,
1798 1427 1898 1463 quae
1933 1426 1956 1451 a
1993 1416 2031 1451 S.

1095 1468 1416 1514 Congregatione
1438 1469 1577 1505 Indicis
1596 1469 1704 1505 circa
1721 1470 1895 1505 nativam
1915 1469 2033 1504 ratio-

1095 1521 1153 1556 nis
1168 1522 1361 1558 humanae
1376 1523 1451 1558 vim
1469 1534 1543 1558 non
1560 1524 1615 1559 ita
1625 1523 1775 1571 pridem
1792 1523 2033 1570 prodierant.

1094 1574 1135 1609 2⁰
1163 1575 1286 1612 Recte
1328 1576 1663 1613 adnumerandam
1703 1589 1790 1613 esse
1824 1577 1926 1612 inter
1968 1587 2036 1613 eas

1095 1629 1364 1675 quaestiones,
1383 1641 1481 1677 quae
1508 1642 1531 1666 a
1559 1630 1802 1676 philosophis
1829 1630 2037 1666 catholicis

1100 1683 1218 1718 libere
1245 1682 1284 1717 in
1312 1688 1517 1730 utramque
1551 1689 1703 1730 partem
1731 1684 1919 1731 disputari
1953 1695 2037 1730 pos-

1095 1741 1205 1778 sunt;
1249 1736 1421 1784 adeoque
1463 1737 1503 1773 30
1538 1738 1586 1772 ad
1618 1737 1784 1773 eandem
1818 1737 2038 1772 doctrinam

1096 1788 1195 1835 quod
1212 1789 1554 1833 attinet‚standum
1572 1802 1657 1827 esse
1669 1791 1947 1828 Constitutioni
1966 1791 2038 1826 Be·
2068 1812 2069 1815 =

1096 1842 1238 1878 nedicti
1269 1843 1376 1886 XlV,
1403 1855 1501 1891 quae
1527 1844 1662 1892 incipit
1686 1844 1873 1880 Sollicita
1897 1846 1933 1879 et
1947 1855 2038 1892 pro-

1097 1895 1203 1939 vida,
1222 1897 1259 1931 in
1281 1898 1389 1933 cuius
1404 1900 1426 1942 §
1441 1897 1486 1933 23
1504 1898 1602 1934 haec
1621 1898 1722 1934 inter
1744 1898 1822 1933 alia
1836 1898 2033 1944 leguntur:

1097 1962 1115 1982 «
1134 1950 1222 1985 Non
1248 1951 1400 1986 feratur
1419 1952 1589 1995 omnino,
1612 1952 1790 2000 privatas
1807 1952 2038 1996 sententias,

1095 2004 1214 2039 veluti
1235 2010 1347 2041 certa
1366 2017 1412 2041 ac
1431 2005 1590 2042 definita
1615 2007 1819 2043 Ecclesiae
1839 2006 2038 2053 dogmata,

1097 2069 1119 2093 a
1138 2059 1319 2105 quopiam
1341 2060 1377 2094 in
1401 2059 1507 2096 libris
1526 2060 1691 2104 obtrudi,
1711 2061 1912 2107 oppositas
1942 2071 2036 2096 vero

1097 2113 1246 2148 erroris
1273 2113 1513 2157 insimulari;
1539 2125 1612 2161 quo
1639 2115 1778 2150 turbae
1805 2114 1843 2149 in
1861 2113 2041 2150 Ecclesia

1100 2167 1339 2210 excitantur,
1359 2167 1518 2203 dissidia
1544 2169 1647 2204 inter
1674 2169 1865 2204 Doctores
1891 2172 1959 2203 aut
1984 2179 2043 2204 se-

1102 2224 1252 2263 runtur,
1280 2225 1348 2256 aut
1373 2222 1578 2265 foventur3
1604 2226 1644 2258 et
1663 2222 1896 2258 christianae
1916 2221 2042 2257 chari-

1101 2273 1189 2309 tatis
1215 2274 1370 2310 vincula
1391 2286 1581 2322 persaepe
1601 2276 1885 2322 abrumpuntur
1905 2288 1939 2309 ».

1144 2327 1390 2375 Responsum
1417 2329 1649 2372 huiusmodi,
1677 2340 1723 2364 eo
1751 2329 1848 2376 quod
1877 2329 2031 2375 privata

1099 2382 1335 2417 auctoritate
1351 2382 1550 2425 donatum,
1566 2394 1641 2418 non
1658 2383 1804 2417 amovit
1817 2382 1934 2428 iurgii
1949 2392 2038 2418 cau-

1099 2445 1207 2477 sam;
1234 2446 1281 2471 ac
1306 2436 1432 2472 denuo
1460 2437 1561 2472 inter
1587 2437 1833 2472 lovanienses
1859 2440 2038 2472 anteces-

1098 2499 1208 2525 sores
1234 2493 1274 2525 et
1299 2501 1436 2526 eorum
1463 2490 1712 2527 adversarios
1731 2490 1877 2526 acriter
1902 2490 1948 2526 de
1976 2501 2040 2526 ex-

1100 2543 1225 2588 posita
1252 2543 1431 2580 doctrina
1458 2544 1694 2592 disputatum
1723 2548 1794 2580 est.
1825 2544 1904 2579 Imo
1932 2548 2040 2580 tanto

1097 2595 1246 2633 incensi
1273 2603 1364 2633 sunt
1391 2597 1532 2634 ardore
1557 2597 1833 2644 disputatores,
1861 2603 1903 2632 ut
1930 2597 2042 2633 vicis-

1096 2649 1169 2686 sim
1185 2653 1384 2698 oppositas
1399 2653 1614 2688 sententias
1630 2651 1954 2698 pelagianismum
1974 2654 2043 2687 aut

1097 2705 1556 2751 semi-pelagianismum,
1575 2705 1854 2741 iansenismum
1882 2709 1950 2740 aut
1967 2705 2028 2741 ba-

1097 2756 1304 2794 ianismum
1333 2758 1511 2795 redolere
1537 2762 1776 2795 assererent.

1145 2811 1302 2848 Interea
1334 2812 1435 2847 illius
1470 2812 1580 2858 regni
1615 2812 1820 2859 Episcopi,
1856 2812 2038 2849 timentes

1097 2864 1252 2908 damna,
1282 2876 1379 2912 quae
1405 2865 1581 2901 fidelibus
1607 2867 1827 2910 evenirent,
1855 2870 1895 2902 et
1925 2867 2044 2903 etiam

1099 2917 1352 2954 inhaerentes
1378 2918 1549 2954 consiliis
1576 2919 1741 2954 Romani
1772 2919 1985 2962 Pontificis‚
2007 2923 2048 2956 et

1100 2971 1347 3018 Apostolicae
1375 2971 1486 3007 Sedis
1513 2972 1591 3007 illic
1616 2972 1768 3016 Nuntii,
1789 2972 2044 3018 Mechliniae,

1146 3110 1154 3131 1
1176 3110 1210 3141 In
1232 3119 1326 3150 opere
1344 3110 1426 3150 quod
1445 3109 1654 3149 inscribitur,
1682 3111 1722 3144 Le
1745 3111 2044 3146 Traclitionalisme

1103 3159 1132 3188 el
1157 3156 1187 3187 le
1216 3155 1460 3187 stationalisme
1485 3155 1661 3189 examines
1680 3167 1723 3189 αα
1740 3158 1835 3199 point
1860 3160 1898 3189 de
1924 3167 1986 3191 vue
2006 3159 2045 3192 de

1103 3203 1136 3234 la
1157 3201 1364 3242 philosophie
1391 3203 1422 3232 et
1449 3200 1487 3232 de
1514 3201 1546 3232 la
1572 3201 1724 3234 doctrine
1749 3204 1951 3245 catholique.

1147 3248 1160 3266 ‘-'
1180 3247 1212 3278 ln
1242 3245 1391 3287 Epistola
1417 3254 1474 3288 per
1502 3247 1646 3289 Belgium
1674 3254 1862 3291 propagata.
