<?xml version="1.0" encoding="UTF-8"?>
<!DOCTYPE html PUBLIC "-//W3C//DTD XHTML 1.0 Transitional//EN"
    "http://www.w3.org/TR/xhtml1/DTD/xhtml1-transitional.dtd">
<html xmlns="http://www.w3.org/1999/xhtml" xml:lang="en" lang="en">
 <head>
  <title>
</title>
<meta http-equiv="Content-Type" content="text/html;charset=utf-8" />
  <meta name='ocr-system' content='tesseract 3.04.00' />
  <meta name='ocr-capabilities' content='ocr_page ocr_carea ocr_par ocr_line ocrx_word'/>
</head>
<body>
  <div class='ocr_page' id='page_1' title='image "./historiaeecclesi01wout_0509.png"; bbox 0 0 2241 3473; ppageno 0'>
   <div class='ocr_carea' id='block_1_1' title="bbox 636 142 1408 177">
    <p class='ocr_par' dir='ltr' id='par_1_1' title="bbox 636 142 1408 177">
     <span class='ocr_line' id='line_1_1' title="bbox 636 142 1408 177; baseline -0.005 -4"><span class='ocrx_word' id='word_1_1' title='bbox 636 145 760 177; x_wconf 72' lang='lat' dir='ltr'>VSQVE</span> <span class='ocrx_word' id='word_1_2' title='bbox 790 145 842 172; x_wconf 77' lang='lat' dir='ltr'>AD</span> <span class='ocrx_word' id='word_1_3' title='bbox 870 142 1199 172; x_wconf 72' lang='lat' dir='ltr'>IANSENIS&#39;I&#39;ARVM</span> <span class='ocrx_word' id='word_1_4' title='bbox 1229 142 1408 170; x_wconf 78' lang='lat' dir='ltr'>EXORDIA</span> 
     </span>
    </p>
   </div>
   <div class='ocr_carea' id='block_1_2' title="bbox 76 208 1017 738">
    <p class='ocr_par' dir='ltr' id='par_1_2' title="bbox 76 208 1017 738">
     <span class='ocr_line' id='line_1_2' title="bbox 77 208 1017 259; baseline -0.006 -8"><span class='ocrx_word' id='word_1_5' title='bbox 77 213 286 251; x_wconf 80' lang='lat' dir='ltr'>nachorum</span> <span class='ocrx_word' id='word_1_6' title='bbox 329 211 584 256; x_wconf 86' lang='lat' dir='ltr'>Latinorum,</span> <span class='ocrx_word' id='word_1_7' title='bbox 621 211 684 259; x_wconf 88' lang='lat' dir='ltr'>qui</span> <span class='ocrx_word' id='word_1_8' title='bbox 721 223 745 248; x_wconf 83' lang='lat' dir='ltr'>a</span> <span class='ocrx_word' id='word_1_9' title='bbox 780 208 1017 258; x_wconf 76' lang='lat' dir='ltr'>temporibus</span> 
     </span>
     <span class='ocr_line' id='line_1_3' title="bbox 76 262 1017 313; baseline -0.005 -10"><span class='ocrx_word' id='word_1_10' title='bbox 76 267 337 303; x_wconf 84' lang='lat' dir='ltr'>cruciatarum</span> <span class='ocrx_word' id='word_1_11' title='bbox 376 264 667 313; x_wconf 69' lang='lat' dir='ltr'>expeditionum</span> <span class='ocrx_word' id='word_1_12' title='bbox 708 263 856 311; x_wconf 83' lang='lat' dir='ltr'>aliquot</span> <span class='ocrx_word' id='word_1_13' title='bbox 894 262 1017 300; x_wconf 85' lang='lat' dir='ltr'>adhuc</span> 
     </span>
     <span class='ocr_line' id='line_1_4' title="bbox 77 317 1017 366; baseline -0.004 -10"><span class='ocrx_word' id='word_1_14' title='bbox 77 318 311 356; x_wconf 84' lang='lat' dir='ltr'>monasteria</span> <span class='ocrx_word' id='word_1_15' title='bbox 327 318 363 354; x_wconf 93' lang='lat' dir='ltr'>in</span> <span class='ocrx_word' id='word_1_16' title='bbox 382 317 542 366; x_wconf 83' lang='lat' dir='ltr'>irnperio</span> <span class='ocrx_word' id='word_1_17' title='bbox 563 317 728 354; x_wconf 79' lang='lat' dir='ltr'>Tui-eico</span> <span class='ocrx_word' id='word_1_18' title='bbox 748 317 956 359; x_wconf 82' lang='lat' dir='ltr'>habebant,</span> <span class='ocrx_word' id='word_1_19' title='bbox 978 317 1017 353; x_wconf 83' lang='lat' dir='ltr'>et</span> 
     </span>
     <span class='ocr_line' id='line_1_5' title="bbox 77 369 1017 416; baseline -0.002 -8"><span class='ocrx_word' id='word_1_20' title='bbox 77 371 408 409; x_wconf 83' lang='lat' dir='ltr'>missionarioi·um</span> <span class='ocrx_word' id='word_1_21' title='bbox 443 371 612 408; x_wconf 77' lang='lat' dir='ltr'>maxime</span> <span class='ocrx_word' id='word_1_22' title='bbox 648 370 876 407; x_wconf 83' lang='lat' dir='ltr'>Iesuitarum</span> <span class='ocrx_word' id='word_1_23' title='bbox 908 369 1017 416; x_wconf 83' lang='lat' dir='ltr'>quia</span> 
     </span>
     <span class='ocr_line' id='line_1_6' title="bbox 78 423 1014 471; baseline -0.003 -10"><span class='ocrx_word' id='word_1_24' title='bbox 78 425 167 462; x_wconf 83' lang='lat' dir='ltr'>RR.</span> <span class='ocrx_word' id='word_1_25' title='bbox 202 424 459 461; x_wconf 83' lang='lat' dir='ltr'>Pontificibus</span> <span class='ocrx_word' id='word_1_26' title='bbox 493 424 529 460; x_wconf 89' lang='lat' dir='ltr'>in</span> <span class='ocrx_word' id='word_1_27' title='bbox 567 423 772 471; x_wconf 85' lang='lat' dir='ltr'>imperium</span> <span class='ocrx_word' id='word_1_28' title='bbox 807 423 1014 459; x_wconf 83' lang='lat' dir='ltr'>&#39;Furcicum</span> 
     </span>
     <span class='ocr_line' id='line_1_7' title="bbox 79 475 1015 525; baseline -0.002 -11"><span class='ocrx_word' id='word_1_29' title='bbox 79 478 372 525; x_wconf 80' lang='lat' dir='ltr'>ablegabantur.</span> <span class='ocrx_word' id='word_1_30' title='bbox 407 477 547 514; x_wconf 84' lang='lat' dir='ltr'>Maiori</span> <span class='ocrx_word' id='word_1_31' title='bbox 582 489 740 513; x_wconf 77' lang='lat' dir='ltr'>numero</span> <span class='ocrx_word' id='word_1_32' title='bbox 769 475 817 512; x_wconf 85' lang='lat' dir='ltr'>ad</span> <span class='ocrx_word' id='word_1_33' title='bbox 838 488 1015 512; x_wconf 85' lang='lat' dir='ltr'>commu-</span> 
     </span>
     <span class='ocr_line' id='line_1_8' title="bbox 80 528 1013 567; baseline -0.003 0"><span class='ocrx_word' id='word_1_34' title='bbox 80 530 231 567; x_wconf 89' lang='lat' dir='ltr'>nionem</span> <span class='ocrx_word' id='word_1_35' title='bbox 253 531 300 567; x_wconf 84' lang='lat' dir='ltr'>R.</span> <span class='ocrx_word' id='word_1_36' title='bbox 322 530 516 567; x_wconf 74' lang='lat' dir='ltr'>Ecclesiae</span> <span class='ocrx_word' id='word_1_37' title='bbox 533 531 734 566; x_wconf 79' lang='lat' dir='ltr'>redierunt</span> <span class='ocrx_word' id='word_1_38' title='bbox 754 529 808 565; x_wconf 90' lang='lat' dir='ltr'>illi</span> <span class='ocrx_word' id='word_1_39' title='bbox 829 528 1013 565; x_wconf 85' lang='lat' dir='ltr'>schisma-</span> 
     </span>
     <span class='ocr_line' id='line_1_9' title="bbox 79 582 1013 631; baseline 0 -12"><span class='ocrx_word' id='word_1_40' title='bbox 79 583 158 627; x_wconf 79' lang='lat' dir='ltr'>tici,</span> <span class='ocrx_word' id='word_1_41' title='bbox 180 583 245 631; x_wconf 89' lang='lat' dir='ltr'>qui</span> <span class='ocrx_word' id='word_1_42' title='bbox 265 586 379 620; x_wconf 82' lang='lat' dir='ltr'>extra</span> <span class='ocrx_word' id='word_1_43' title='bbox 412 582 615 631; x_wconf 87' lang='lat' dir='ltr'>imperium</span> <span class='ocrx_word' id='word_1_44' title='bbox 650 582 856 619; x_wconf 85' lang='lat' dir='ltr'>Tureieum</span> <span class='ocrx_word' id='word_1_45' title='bbox 891 585 1013 619; x_wconf 87' lang='lat' dir='ltr'>erant.</span> 
     </span>
     <span class='ocr_line' id='line_1_10' title="bbox 79 635 1015 685; baseline -0.003 -12"><span class='ocrx_word' id='word_1_46' title='bbox 79 635 192 673; x_wconf 81' lang='lat' dir='ltr'>Multi</span> <span class='ocrx_word' id='word_1_47' title='bbox 214 637 354 685; x_wconf 88' lang='lat' dir='ltr'>quippe</span> <span class='ocrx_word' id='word_1_48' title='bbox 375 636 512 673; x_wconf 84' lang='lat' dir='ltr'>Graeci</span> <span class='ocrx_word' id='word_1_49' title='bbox 542 638 628 683; x_wconf 86' lang='lat' dir='ltr'>post</span> <span class='ocrx_word' id='word_1_50' title='bbox 647 635 888 672; x_wconf 76' lang='lat' dir='ltr'>invasionem</span> <span class='ocrx_word' id='word_1_51' title='bbox 907 635 1015 671; x_wconf 90' lang='lat' dir='ltr'>Tur-</span> 
     </span>
     <span class='ocr_line' id='line_1_11' title="bbox 78 687 1016 738; baseline -0.001 -12"><span class='ocrx_word' id='word_1_52' title='bbox 78 701 225 734; x_wconf 83' lang='lat' dir='ltr'>carum,</span> <span class='ocrx_word' id='word_1_53' title='bbox 240 689 473 738; x_wconf 86' lang='lat' dir='ltr'>praesertim</span> <span class='ocrx_word' id='word_1_54' title='bbox 489 692 574 737; x_wconf 89' lang='lat' dir='ltr'>post</span> <span class='ocrx_word' id='word_1_55' title='bbox 588 690 741 736; x_wconf 87' lang='lat' dir='ltr'>captam</span> <span class='ocrx_word' id='word_1_56' title='bbox 752 687 1016 725; x_wconf 89' lang='lat' dir='ltr'>Constantino-</span> 
     </span>
    </p>
   </div>
   <div class='ocr_carea' id='block_1_3' title="bbox 78 741 1037 792">
    <p class='ocr_par' dir='ltr' id='par_1_3' title="bbox 78 741 1037 792">
     <span class='ocr_line' id='line_1_12' title="bbox 78 741 1037 792; baseline -0.003 -13"><span class='ocrx_word' id='word_1_57' title='bbox 78 742 209 792; x_wconf 86' lang='lat' dir='ltr'>polim,</span> <span class='ocrx_word' id='word_1_58' title='bbox 226 742 361 779; x_wconf 86' lang='lat' dir='ltr'>relicta</span> <span class='ocrx_word' id='word_1_59' title='bbox 375 742 515 790; x_wconf 87' lang='lat' dir='ltr'>patria,</span> <span class='ocrx_word' id='word_1_60' title='bbox 531 741 569 777; x_wconf 89' lang='lat' dir='ltr'>in</span> <span class='ocrx_word' id='word_1_61' title='bbox 587 741 751 786; x_wconf 81' lang='lat' dir='ltr'>Italiam,</span> <span class='ocrx_word' id='word_1_62' title='bbox 773 741 1013 789; x_wconf 81' lang='lat' dir='ltr'>Hungariam</span> <span class='ocrx_word' id='word_1_63' title='bbox 1034 771 1037 774; x_wconf 72' lang='grc'>,</span> 
     </span>
    </p>
   </div>
   <div class='ocr_carea' id='block_1_4' title="bbox 70 794 1018 3026">
    <p class='ocr_par' dir='ltr' id='par_1_4' title="bbox 73 794 1015 1151">
     <span class='ocr_line' id='line_1_13' title="bbox 79 794 1014 844; baseline -0.003 -11"><span class='ocrx_word' id='word_1_64' title='bbox 79 796 255 844; x_wconf 80' lang='lat' dir='ltr'>aliasque</span> <span class='ocrx_word' id='word_1_65' title='bbox 285 799 410 831; x_wconf 85' lang='lat' dir='ltr'>terras</span> <span class='ocrx_word' id='word_1_66' title='bbox 442 795 669 843; x_wconf 71' lang='lat' dir='ltr'>migrarant.</span> <span class='ocrx_word' id='word_1_67' title='bbox 691 795 764 836; x_wconf 85' lang='lat' dir='ltr'>Qui</span> <span class='ocrx_word' id='word_1_68' title='bbox 785 794 822 830; x_wconf 91' lang='lat' dir='ltr'>in</span> <span class='ocrx_word' id='word_1_69' title='bbox 843 794 1014 843; x_wconf 75' lang='lat' dir='ltr'>regioni-</span> 
     </span>
     <span class='ocr_line' id='line_1_14' title="bbox 76 847 1015 896; baseline -0.001 -11"><span class='ocrx_word' id='word_1_70' title='bbox 76 849 149 886; x_wconf 92' lang='lat' dir='ltr'>bus</span> <span class='ocrx_word' id='word_1_71' title='bbox 184 848 328 886; x_wconf 80' lang='lat' dir='ltr'>Italicis</span> <span class='ocrx_word' id='word_1_72' title='bbox 364 847 478 885; x_wconf 83' lang='lat' dir='ltr'>sedes</span> <span class='ocrx_word' id='word_1_73' title='bbox 512 851 737 896; x_wconf 88' lang='lat' dir='ltr'>posuerunt,</span> <span class='ocrx_word' id='word_1_74' title='bbox 773 847 1015 884; x_wconf 87' lang='lat' dir='ltr'>communio-</span> 
     </span>
     <span class='ocr_line' id='line_1_15' title="bbox 76 900 1014 942; baseline -0.001 -4"><span class='ocrx_word' id='word_1_75' title='bbox 76 913 161 938; x_wconf 85' lang='lat' dir='ltr'>nem</span> <span class='ocrx_word' id='word_1_76' title='bbox 182 913 271 938; x_wconf 90' lang='lat' dir='ltr'>cum</span> <span class='ocrx_word' id='word_1_77' title='bbox 292 901 338 938; x_wconf 90' lang='lat' dir='ltr'>R.</span> <span class='ocrx_word' id='word_1_78' title='bbox 362 900 535 938; x_wconf 84' lang='lat' dir='ltr'>Ecclesia</span> <span class='ocrx_word' id='word_1_79' title='bbox 554 901 735 938; x_wconf 82' lang='lat' dir='ltr'>inierunt.</span> <span class='ocrx_word' id='word_1_80' title='bbox 754 900 827 942; x_wconf 82' lang='lat' dir='ltr'>Qui</span> <span class='ocrx_word' id='word_1_81' title='bbox 850 901 886 937; x_wconf 91' lang='lat' dir='ltr'>in</span> <span class='ocrx_word' id='word_1_82' title='bbox 910 900 1014 938; x_wconf 89' lang='lat' dir='ltr'>Hun-</span> 
     </span>
     <span class='ocr_line' id='line_1_16' title="bbox 73 953 1012 1002; baseline 0 -12"><span class='ocrx_word' id='word_1_83' title='bbox 73 954 236 1002; x_wconf 83' lang='lat' dir='ltr'>gariam,</span> <span class='ocrx_word' id='word_1_84' title='bbox 271 954 469 991; x_wconf 88' lang='lat' dir='ltr'>Croatiam</span> <span class='ocrx_word' id='word_1_85' title='bbox 486 983 495 999; x_wconf 93' lang='lat'>,</span> <span class='ocrx_word' id='word_1_86' title='bbox 515 953 737 992; x_wconf 74' lang='lat' dir='ltr'>Slavoniam</span> <span class='ocrx_word' id='word_1_87' title='bbox 760 957 799 991; x_wconf 85' lang='lat' dir='ltr'>et</span> <span class='ocrx_word' id='word_1_88' title='bbox 818 953 1012 1001; x_wconf 67' lang='lat' dir='ltr'>Transyl-</span> 
     </span>
     <span class='ocr_line' id='line_1_17' title="bbox 75 1007 1012 1056; baseline 0.001 -13"><span class='ocrx_word' id='word_1_89' title='bbox 75 1007 229 1045; x_wconf 80' lang='lat' dir='ltr'>vaniain</span> <span class='ocrx_word' id='word_1_90' title='bbox 263 1007 374 1044; x_wconf 89' lang='lat' dir='ltr'>sedes</span> <span class='ocrx_word' id='word_1_91' title='bbox 406 1007 706 1053; x_wconf 78' lang='lat' dir='ltr'>transtulerant,</span> <span class='ocrx_word' id='word_1_92' title='bbox 738 1019 881 1055; x_wconf 75' lang='lat' dir='ltr'>magna</span> <span class='ocrx_word' id='word_1_93' title='bbox 900 1011 1012 1056; x_wconf 89' lang='lat' dir='ltr'>parte</span> 
     </span>
     <span class='ocr_line' id='line_1_18' title="bbox 74 1060 1011 1110; baseline 0.001 -14"><span class='ocrx_word' id='word_1_94' title='bbox 74 1060 256 1110; x_wconf 84' lang='lat' dir='ltr'>religioso</span> <span class='ocrx_word' id='word_1_95' title='bbox 288 1060 517 1097; x_wconf 82' lang='lat' dir='ltr'>clericorum</span> <span class='ocrx_word' id='word_1_96' title='bbox 552 1060 777 1098; x_wconf 86' lang='lat' dir='ltr'>Latinorum</span> <span class='ocrx_word' id='word_1_97' title='bbox 813 1061 944 1098; x_wconf 87' lang='lat' dir='ltr'>labore</span> <span class='ocrx_word' id='word_1_98' title='bbox 965 1061 1011 1098; x_wconf 90' lang='lat' dir='ltr'>ad</span> 
     </span>
     <span class='ocr_line' id='line_1_19' title="bbox 73 1113 746 1151; baseline 0 -1"><span class='ocrx_word' id='word_1_99' title='bbox 73 1115 249 1150; x_wconf 87' lang='lat' dir='ltr'>eamdem</span> <span class='ocrx_word' id='word_1_100' title='bbox 270 1113 448 1150; x_wconf 89' lang='lat' dir='ltr'>unionem</span> <span class='ocrx_word' id='word_1_101' title='bbox 472 1114 627 1150; x_wconf 83' lang='lat' dir='ltr'>adducti</span> <span class='ocrx_word' id='word_1_102' title='bbox 644 1116 746 1151; x_wconf 88' lang='lat' dir='ltr'>sunt.</span> 
     </span>
    </p>

    <p class='ocr_par' dir='ltr' id='par_1_5' title="bbox 70 1167 1015 2164">
     <span class='ocr_line' id='line_1_20' title="bbox 125 1167 1012 1205; baseline 0 -1"><span class='ocrx_word' id='word_1_103' title='bbox 125 1167 188 1204; x_wconf 82' lang='grc'>61.</span> <span class='ocrx_word' id='word_1_104' title='bbox 207 1167 351 1204; x_wconf 71' lang='lat' dir='ltr'>Status</span> <span class='ocrx_word' id='word_1_105' title='bbox 365 1167 570 1204; x_wconf 75' lang='lat' dir='ltr'>Ecclesiae</span> <span class='ocrx_word' id='word_1_106' title='bbox 585 1167 783 1205; x_wconf 76' lang='lat' dir='ltr'>Russz‘cac</span> <span class='ocrx_word' id='word_1_107' title='bbox 796 1189 843 1195; x_wconf 92' lang='lat'>—</span> <span class='ocrx_word' id='word_1_108' title='bbox 855 1167 898 1204; x_wconf 93' lang='lat' dir='ltr'>In</span> <span class='ocrx_word' id='word_1_109' title='bbox 916 1167 1012 1204; x_wconf 88' lang='lat' dir='ltr'>Rus-</span> 
     </span>
     <span class='ocr_line' id='line_1_21' title="bbox 73 1219 1009 1258; baseline -0.001 -1"><span class='ocrx_word' id='word_1_110' title='bbox 73 1220 130 1258; x_wconf 90' lang='lat' dir='ltr'>sia</span> <span class='ocrx_word' id='word_1_111' title='bbox 149 1219 325 1258; x_wconf 83' lang='lat' dir='ltr'>Ecclesia</span> <span class='ocrx_word' id='word_1_112' title='bbox 346 1220 678 1257; x_wconf 82' lang='lat' dir='ltr'>vicissitudinibus</span> <span class='ocrx_word' id='word_1_113' title='bbox 706 1221 826 1258; x_wconf 78' lang='lat' dir='ltr'>variis</span> <span class='ocrx_word' id='word_1_114' title='bbox 847 1221 920 1258; x_wconf 85' lang='lat' dir='ltr'>fuit</span> <span class='ocrx_word' id='word_1_115' title='bbox 939 1221 1009 1257; x_wconf 92' lang='lat' dir='ltr'>ob-</span> 
     </span>
     <span class='ocr_line' id='line_1_22' title="bbox 73 1271 1009 1319; baseline 0.001 -9"><span class='ocrx_word' id='word_1_116' title='bbox 73 1274 189 1311; x_wconf 81' lang='lat' dir='ltr'>noxia</span> <span class='ocrx_word' id='word_1_117' title='bbox 212 1271 237 1319; x_wconf 88' lang='lat'>¹,</span> <span class='ocrx_word' id='word_1_118' title='bbox 256 1274 327 1310; x_wconf 86' lang='lat' dir='ltr'>suh</span> <span class='ocrx_word' id='word_1_119' title='bbox 347 1273 459 1310; x_wconf 88' lang='lat' dir='ltr'>initia</span> <span class='ocrx_word' id='word_1_120' title='bbox 490 1273 634 1310; x_wconf 87' lang='lat' dir='ltr'>saeculi</span> <span class='ocrx_word' id='word_1_121' title='bbox 654 1274 748 1311; x_wconf 88' lang='lat' dir='ltr'>XVI</span> <span class='ocrx_word' id='word_1_122' title='bbox 777 1274 1009 1311; x_wconf 70' lang='lat' dir='ltr'>schismatici</span> 
     </span>
     <span class='ocr_line' id='line_1_23' title="bbox 72 1325 1010 1375; baseline 0 -12"><span class='ocrx_word' id='word_1_123' title='bbox 72 1327 195 1364; x_wconf 87' lang='lat' dir='ltr'>omnis</span> <span class='ocrx_word' id='word_1_124' title='bbox 213 1327 366 1375; x_wconf 88' lang='lat' dir='ltr'>generis</span> <span class='ocrx_word' id='word_1_125' title='bbox 400 1325 548 1364; x_wconf 88' lang='lat' dir='ltr'>artibus</span> <span class='ocrx_word' id='word_1_126' title='bbox 581 1327 732 1375; x_wconf 86' lang='lat' dir='ltr'>viisque</span> <span class='ocrx_word' id='word_1_127' title='bbox 766 1328 823 1365; x_wconf 89' lang='lat' dir='ltr'>usi</span> <span class='ocrx_word' id='word_1_128' title='bbox 843 1330 947 1372; x_wconf 90' lang='lat' dir='ltr'>sunt,</span> <span class='ocrx_word' id='word_1_129' title='bbox 967 1330 1010 1364; x_wconf 88' lang='lat' dir='ltr'>ut</span> 
     </span>
     <span class='ocr_line' id='line_1_24' title="bbox 72 1379 1011 1429; baseline 0 -12"><span class='ocrx_word' id='word_1_130' title='bbox 72 1380 275 1417; x_wconf 89' lang='lat' dir='ltr'>Ruthenos</span> <span class='ocrx_word' id='word_1_131' title='bbox 297 1379 426 1417; x_wconf 90' lang='lat' dir='ltr'>unitos</span> <span class='ocrx_word' id='word_1_132' title='bbox 446 1380 492 1416; x_wconf 88' lang='lat' dir='ltr'>ad</span> <span class='ocrx_word' id='word_1_133' title='bbox 521 1380 689 1418; x_wconf 87' lang='lat' dir='ltr'>schisma</span> <span class='ocrx_word' id='word_1_134' title='bbox 727 1382 1011 1429; x_wconf 62' lang='lat' dir='ltr'>pertraherent,</span> 
     </span>
     <span class='ocr_line' id='line_1_25' title="bbox 72 1432 1010 1482; baseline 0.002 -13"><span class='ocrx_word' id='word_1_135' title='bbox 72 1432 124 1478; x_wconf 86' lang='lat' dir='ltr'>id,</span> <span class='ocrx_word' id='word_1_136' title='bbox 145 1444 260 1482; x_wconf 87' lang='lat' dir='ltr'>opera</span> <span class='ocrx_word' id='word_1_137' title='bbox 278 1433 447 1470; x_wconf 83' lang='lat' dir='ltr'>maxime</span> <span class='ocrx_word' id='word_1_138' title='bbox 468 1433 639 1471; x_wconf 86' lang='lat' dir='ltr'>Helenae</span> <span class='ocrx_word' id='word_1_139' title='bbox 661 1434 764 1471; x_wconf 88' lang='lat' dir='ltr'>filiae</span> <span class='ocrx_word' id='word_1_140' title='bbox 786 1434 916 1480; x_wconf 68' lang='lat' dir='ltr'>magni</span> <span class='ocrx_word' id='word_1_141' title='bbox 938 1434 1010 1471; x_wconf 91' lang='lat' dir='ltr'>du-</span> 
     </span>
     <span class='ocr_line' id='line_1_26' title="bbox 71 1486 1011 1535; baseline 0.002 -13"><span class='ocrx_word' id='word_1_142' title='bbox 71 1486 126 1523; x_wconf 85' lang='lat' dir='ltr'>cis</span> <span class='ocrx_word' id='word_1_143' title='bbox 145 1487 361 1524; x_wconf 88' lang='lat' dir='ltr'>Russorum</span> <span class='ocrx_word' id='word_1_144' title='bbox 377 1516 386 1532; x_wconf 75' lang='grc'><em>,</em></span> <span class='ocrx_word' id='word_1_145' title='bbox 406 1498 506 1535; x_wconf 82' lang='lat' dir='ltr'>quae</span> <span class='ocrx_word' id='word_1_146' title='bbox 526 1490 714 1535; x_wconf 75' lang='lat' dir='ltr'>nupserat</span> <span class='ocrx_word' id='word_1_147' title='bbox 735 1488 819 1524; x_wconf 92' lang='lat' dir='ltr'>duci</span> <span class='ocrx_word' id='word_1_148' title='bbox 840 1488 1011 1524; x_wconf 90' lang='lat' dir='ltr'>Lithua-</span> 
     </span>
     <span class='ocr_line' id='line_1_27' title="bbox 74 1540 1007 1589; baseline 0.002 -13"><span class='ocrx_word' id='word_1_149' title='bbox 74 1540 172 1586; x_wconf 88' lang='lat' dir='ltr'>niae,</span> <span class='ocrx_word' id='word_1_150' title='bbox 192 1541 304 1577; x_wconf 86' lang='lat' dir='ltr'>tanto</span> <span class='ocrx_word' id='word_1_151' title='bbox 337 1551 423 1576; x_wconf 90' lang='lat' dir='ltr'>eum</span> <span class='ocrx_word' id='word_1_152' title='bbox 459 1541 597 1577; x_wconf 88' lang='lat' dir='ltr'>ardore</span> <span class='ocrx_word' id='word_1_153' title='bbox 617 1543 655 1577; x_wconf 90' lang='lat' dir='ltr'>et</span> <span class='ocrx_word' id='word_1_154' title='bbox 675 1553 854 1579; x_wconf 88' lang='lat' dir='ltr'>successu</span> <span class='ocrx_word' id='word_1_155' title='bbox 876 1552 1007 1589; x_wconf 87' lang='lat' dir='ltr'>prose-</span> 
     </span>
     <span class='ocr_line' id='line_1_28' title="bbox 73 1593 1012 1641; baseline 0 -11"><span class='ocrx_word' id='word_1_156' title='bbox 73 1594 152 1630; x_wconf 89' lang='lat' dir='ltr'>cuti</span> <span class='ocrx_word' id='word_1_157' title='bbox 171 1595 272 1639; x_wconf 87' lang='lat' dir='ltr'>sunt,</span> <span class='ocrx_word' id='word_1_158' title='bbox 291 1595 333 1630; x_wconf 91' lang='lat' dir='ltr'>ut</span> <span class='ocrx_word' id='word_1_159' title='bbox 347 1593 571 1641; x_wconf 87' lang='lat' dir='ltr'>metropolis</span> <span class='ocrx_word' id='word_1_160' title='bbox 591 1594 814 1631; x_wconf 86' lang='lat' dir='ltr'>Kioviensis</span> <span class='ocrx_word' id='word_1_161' title='bbox 837 1594 884 1631; x_wconf 89' lang='lat' dir='ltr'>ab</span> <span class='ocrx_word' id='word_1_162' title='bbox 907 1595 1012 1631; x_wconf 87' lang='lat' dir='ltr'>unio-</span> 
     </span>
     <span class='ocr_line' id='line_1_29' title="bbox 73 1647 1012 1684; baseline 0.002 -2"><span class='ocrx_word' id='word_1_163' title='bbox 73 1658 122 1683; x_wconf 87' lang='lat' dir='ltr'>ne</span> <span class='ocrx_word' id='word_1_164' title='bbox 140 1658 227 1683; x_wconf 90' lang='lat' dir='ltr'>cum</span> <span class='ocrx_word' id='word_1_165' title='bbox 248 1647 425 1684; x_wconf 86' lang='lat' dir='ltr'>Romana</span> <span class='ocrx_word' id='word_1_166' title='bbox 444 1647 618 1684; x_wconf 86' lang='lat' dir='ltr'>Ecclesia</span> <span class='ocrx_word' id='word_1_167' title='bbox 647 1648 694 1684; x_wconf 90' lang='lat' dir='ltr'>ad</span> <span class='ocrx_word' id='word_1_168' title='bbox 716 1647 768 1684; x_wconf 89' lang='lat' dir='ltr'>sic</span> <span class='ocrx_word' id='word_1_169' title='bbox 789 1647 933 1684; x_wconf 88' lang='lat' dir='ltr'>dictam</span> <span class='ocrx_word' id='word_1_170' title='bbox 954 1660 1012 1684; x_wconf 90' lang='lat' dir='ltr'>ec-</span> 
     </span>
     <span class='ocr_line' id='line_1_30' title="bbox 73 1699 1010 1748; baseline 0.001 -12"><span class='ocrx_word' id='word_1_171' title='bbox 73 1699 229 1737; x_wconf 88' lang='lat' dir='ltr'>clesiam</span> <span class='ocrx_word' id='word_1_172' title='bbox 248 1699 622 1748; x_wconf 82' lang='lat' dir='ltr'>Russico-graeeam</span> <span class='ocrx_word' id='word_1_173' title='bbox 651 1701 868 1745; x_wconf 88' lang='lat' dir='ltr'>transierit,</span> <span class='ocrx_word' id='word_1_174' title='bbox 887 1703 926 1737; x_wconf 92' lang='lat' dir='ltr'>et</span> <span class='ocrx_word' id='word_1_175' title='bbox 946 1700 1010 1748; x_wconf 86' lang='lat' dir='ltr'>qui</span> 
     </span>
     <span class='ocr_line' id='line_1_31' title="bbox 70 1752 1009 1799; baseline -0.001 -10"><span class='ocrx_word' id='word_1_176' title='bbox 70 1752 310 1790; x_wconf 83' lang='lat' dir='ltr'>cCatholicis</span> <span class='ocrx_word' id='word_1_177' title='bbox 331 1753 448 1790; x_wconf 84' lang='lat' dir='ltr'>unitis</span> <span class='ocrx_word' id='word_1_178' title='bbox 465 1765 487 1790; x_wconf 91' lang='lat' dir='ltr'>a</span> <span class='ocrx_word' id='word_1_179' title='bbox 502 1753 712 1790; x_wconf 83' lang='lat' dir='ltr'>schismate</span> <span class='ocrx_word' id='word_1_180' title='bbox 731 1754 1009 1799; x_wconf 78' lang='lat' dir='ltr'>abhorrebant,</span> 
     </span>
     <span class='ocr_line' id='line_1_32' title="bbox 72 1806 1015 1855; baseline 0.002 -13"><span class='ocrx_word' id='word_1_181' title='bbox 72 1806 121 1842; x_wconf 89' lang='lat' dir='ltr'>ad</span> <span class='ocrx_word' id='word_1_182' title='bbox 141 1806 453 1855; x_wconf 84' lang='lat' dir='ltr'>amplectendum</span> <span class='ocrx_word' id='word_1_183' title='bbox 492 1806 611 1843; x_wconf 90' lang='lat' dir='ltr'>ritum</span> <span class='ocrx_word' id='word_1_184' title='bbox 652 1807 837 1844; x_wconf 88' lang='lat' dir='ltr'>Latinum</span> <span class='ocrx_word' id='word_1_185' title='bbox 867 1806 1015 1845; x_wconf 84' lang='lat' dir='ltr'>fuerint</span> 
     </span>
     <span class='ocr_line' id='line_1_33' title="bbox 73 1860 1014 1908; baseline 0.001 -12"><span class='ocrx_word' id='word_1_186' title='bbox 73 1860 208 1904; x_wconf 81' lang='lat' dir='ltr'>coacti,</span> <span class='ocrx_word' id='word_1_187' title='bbox 244 1871 410 1908; x_wconf 90' lang='lat' dir='ltr'>quorum</span> <span class='ocrx_word' id='word_1_188' title='bbox 444 1871 627 1906; x_wconf 74' lang='lat' dir='ltr'>magnum</span> <span class='ocrx_word' id='word_1_189' title='bbox 655 1860 774 1898; x_wconf 88' lang='lat' dir='ltr'>fuisse</span> <span class='ocrx_word' id='word_1_190' title='bbox 796 1872 1014 1906; x_wconf 87' lang='lat' dir='ltr'>numerum,</span> 
     </span>
     <span class='ocr_line' id='line_1_34' title="bbox 74 1913 1015 1962; baseline 0.003 -14"><span class='ocrx_word' id='word_1_191' title='bbox 74 1913 273 1962; x_wconf 84' lang='lat' dir='ltr'>colligitur</span> <span class='ocrx_word' id='word_1_192' title='bbox 305 1925 326 1950; x_wconf 91' lang='lat' dir='ltr'>e</span> <span class='ocrx_word' id='word_1_193' title='bbox 358 1913 466 1950; x_wconf 89' lang='lat' dir='ltr'>bulla</span> <span class='ocrx_word' id='word_1_194' title='bbox 498 1913 713 1951; x_wconf 79' lang='lat' dir='ltr'>Alexandri</span> <span class='ocrx_word' id='word_1_195' title='bbox 742 1914 811 1961; x_wconf 88' lang='lat' dir='ltr'>Pp.</span> <span class='ocrx_word' id='word_1_196' title='bbox 833 1913 888 1950; x_wconf 88' lang='lat' dir='ltr'>VI</span> <span class='ocrx_word' id='word_1_197' title='bbox 921 1914 1015 1951; x_wconf 86' lang='lat' dir='ltr'>data</span> 
     </span>
     <span class='ocr_line' id='line_1_35' title="bbox 74 1964 1013 2016; baseline 0.002 -14"><span class='ocrx_word' id='word_1_198' title='bbox 74 1964 120 2002; x_wconf 83' lang='lat' dir='ltr'>x⁰</span> <span class='ocrx_word' id='word_1_199' title='bbox 159 1966 339 2004; x_wconf 87' lang='lat' dir='ltr'>calendas</span> <span class='ocrx_word' id='word_1_200' title='bbox 371 1966 576 2015; x_wconf 83' lang='lat' dir='ltr'>septembr.</span> <span class='ocrx_word' id='word_1_201' title='bbox 609 1966 705 2004; x_wconf 79' lang='lat'>1501</span> <span class='ocrx_word' id='word_1_202' title='bbox 728 1968 776 2004; x_wconf 89' lang='lat' dir='ltr'>ad</span> <span class='ocrx_word' id='word_1_203' title='bbox 797 1967 1013 2016; x_wconf 90' lang='lat' dir='ltr'>episcopum</span> 
     </span>
     <span class='ocr_line' id='line_1_36' title="bbox 73 2018 1013 2067; baseline 0.002 -12"><span class='ocrx_word' id='word_1_204' title='bbox 73 2018 315 2057; x_wconf 77' lang='lat' dir='ltr'>Wilnensem</span> <span class='ocrx_word' id='word_1_205' title='bbox 366 2019 582 2067; x_wconf 83' lang='lat' dir='ltr'>fratresque</span> <span class='ocrx_word' id='word_1_206' title='bbox 628 2020 923 2057; x_wconf 85' lang='lat' dir='ltr'>Praedicatores</span> <span class='ocrx_word' id='word_1_207' title='bbox 974 2022 1013 2058; x_wconf 91' lang='lat' dir='ltr'>et</span> 
     </span>
     <span class='ocr_line' id='line_1_37' title="bbox 73 2071 1013 2123; baseline 0.001 -14"><span class='ocrx_word' id='word_1_208' title='bbox 73 2071 350 2110; x_wconf 82' lang='lat' dir='ltr'>Franciscanos</span> <span class='ocrx_word' id='word_1_209' title='bbox 386 2073 423 2109; x_wconf 91' lang='lat' dir='ltr'>in</span> <span class='ocrx_word' id='word_1_210' title='bbox 452 2073 662 2110; x_wconf 86' lang='lat' dir='ltr'>Lithuania</span> <span class='ocrx_word' id='word_1_211' title='bbox 698 2074 744 2110; x_wconf 90' lang='lat' dir='ltr'>de</span> <span class='ocrx_word' id='word_1_212' title='bbox 781 2073 1013 2123; x_wconf 88' lang='lat' dir='ltr'>recipiendis</span> 
     </span>
     <span class='ocr_line' id='line_1_38' title="bbox 74 2124 730 2164; baseline 0.002 -2"><span class='ocrx_word' id='word_1_213' title='bbox 74 2125 122 2162; x_wconf 88' lang='lat' dir='ltr'>ad</span> <span class='ocrx_word' id='word_1_214' title='bbox 142 2126 262 2163; x_wconf 89' lang='lat' dir='ltr'>ritum</span> <span class='ocrx_word' id='word_1_215' title='bbox 284 2126 465 2163; x_wconf 88' lang='lat' dir='ltr'>Latinum</span> <span class='ocrx_word' id='word_1_216' title='bbox 486 2126 683 2164; x_wconf 89' lang='lat' dir='ltr'>Ruthenis</span> <span class='ocrx_word' id='word_1_217' title='bbox 703 2124 730 2164; x_wconf 74' lang='lat'>².</span> 
     </span>
    </p>

    <p class='ocr_par' dir='ltr' id='par_1_6' title="bbox 75 2179 1018 2863">
     <span class='ocr_line' id='line_1_39' title="bbox 125 2179 1015 2228; baseline 0.001 -12"><span class='ocrx_word' id='word_1_218' title='bbox 125 2179 287 2217; x_wconf 88' lang='lat' dir='ltr'>Ioannes</span> <span class='ocrx_word' id='word_1_219' title='bbox 307 2179 423 2228; x_wconf 78' lang='lat' dir='ltr'>vulgo</span> <span class='ocrx_word' id='word_1_220' title='bbox 444 2180 554 2217; x_wconf 82' lang='lat' dir='ltr'>Iwan</span> <span class='ocrx_word' id='word_1_221' title='bbox 575 2180 641 2227; x_wconf 93' lang='lat' dir='ltr'>IV,</span> <span class='ocrx_word' id='word_1_222' title='bbox 661 2191 827 2227; x_wconf 75' lang='lat' dir='ltr'>magnus</span> <span class='ocrx_word' id='word_1_223' title='bbox 866 2181 1015 2218; x_wconf 89' lang='lat' dir='ltr'>Russo-</span> 
     </span>
     <span class='ocr_line' id='line_1_40' title="bbox 77 2232 1015 2282; baseline -0.001 -11"><span class='ocrx_word' id='word_1_224' title='bbox 77 2244 168 2271; x_wconf 89' lang='lat' dir='ltr'>rum</span> <span class='ocrx_word' id='word_1_225' title='bbox 187 2234 279 2278; x_wconf 84' lang='lat' dir='ltr'>dux,</span> <span class='ocrx_word' id='word_1_226' title='bbox 299 2232 443 2270; x_wconf 87' lang='lat' dir='ltr'>infelici</span> <span class='ocrx_word' id='word_1_227' title='bbox 463 2233 561 2270; x_wconf 90' lang='lat' dir='ltr'>bello</span> <span class='ocrx_word' id='word_1_228' title='bbox 582 2245 667 2270; x_wconf 88' lang='lat' dir='ltr'>cum</span> <span class='ocrx_word' id='word_1_229' title='bbox 703 2233 861 2270; x_wconf 91' lang='lat' dir='ltr'>Polonis</span> <span class='ocrx_word' id='word_1_230' title='bbox 882 2233 1015 2282; x_wconf 89' lang='lat' dir='ltr'>impli-</span> 
     </span>
     <span class='ocr_line' id='line_1_41' title="bbox 78 2286 1015 2335; baseline 0.001 -12"><span class='ocrx_word' id='word_1_231' title='bbox 78 2286 203 2331; x_wconf 87' lang='lat' dir='ltr'>citus,</span> <span class='ocrx_word' id='word_1_232' title='bbox 237 2286 416 2335; x_wconf 71' lang='lat' dir='ltr'>Gregorii</span> <span class='ocrx_word' id='word_1_233' title='bbox 451 2286 523 2335; x_wconf 90' lang='lat' dir='ltr'>Pp.</span> <span class='ocrx_word' id='word_1_234' title='bbox 551 2286 649 2323; x_wconf 89' lang='lat' dir='ltr'>XIII</span> <span class='ocrx_word' id='word_1_235' title='bbox 678 2287 945 2324; x_wconf 89' lang='lat' dir='ltr'>interventum</span> <span class='ocrx_word' id='word_1_236' title='bbox 968 2287 1015 2324; x_wconf 92' lang='lat' dir='ltr'>ad</span> 
     </span>
     <span class='ocr_line' id='line_1_42' title="bbox 76 2340 1014 2388; baseline 0 -12"><span class='ocrx_word' id='word_1_237' title='bbox 76 2340 358 2388; x_wconf 87' lang='lat' dir='ltr'>impetrandam</span> <span class='ocrx_word' id='word_1_238' title='bbox 379 2351 513 2388; x_wconf 87' lang='lat' dir='ltr'>pacem</span> <span class='ocrx_word' id='word_1_239' title='bbox 535 2344 574 2376; x_wconf 90' lang='lat' dir='ltr'>et</span> <span class='ocrx_word' id='word_1_240' title='bbox 594 2340 829 2377; x_wconf 87' lang='lat' dir='ltr'>cohibendas</span> <span class='ocrx_word' id='word_1_241' title='bbox 859 2340 1014 2377; x_wconf 89' lang='lat' dir='ltr'>Polono-</span> 
     </span>
     <span class='ocr_line' id='line_1_43' title="bbox 76 2392 1016 2442; baseline 0.001 -13"><span class='ocrx_word' id='word_1_242' title='bbox 76 2404 163 2429; x_wconf 86' lang='lat' dir='ltr'>rum</span> <span class='ocrx_word' id='word_1_243' title='bbox 183 2392 366 2430; x_wconf 79' lang='lat' dir='ltr'>victorias</span> <span class='ocrx_word' id='word_1_244' title='bbox 385 2392 611 2442; x_wconf 87' lang='lat' dir='ltr'>imploravit</span> <span class='ocrx_word' id='word_1_245' title='bbox 631 2405 815 2442; x_wconf 85' lang='lat' dir='ltr'>spemque</span> <span class='ocrx_word' id='word_1_246' title='bbox 835 2393 929 2430; x_wconf 87' lang='lat' dir='ltr'>fecit</span> <span class='ocrx_word' id='word_1_247' title='bbox 948 2405 1016 2430; x_wconf 82' lang='lat' dir='ltr'>ec-</span> 
     </span>
     <span class='ocr_line' id='line_1_44' title="bbox 75 2445 1014 2483; baseline 0.001 -1"><span class='ocrx_word' id='word_1_248' title='bbox 75 2445 217 2482; x_wconf 87' lang='lat' dir='ltr'>clesiae</span> <span class='ocrx_word' id='word_1_249' title='bbox 250 2445 441 2483; x_wconf 88' lang='lat' dir='ltr'>Russicae</span> <span class='ocrx_word' id='word_1_250' title='bbox 476 2458 563 2483; x_wconf 89' lang='lat' dir='ltr'>cum</span> <span class='ocrx_word' id='word_1_251' title='bbox 600 2447 782 2483; x_wconf 89' lang='lat' dir='ltr'>Romana</span> <span class='ocrx_word' id='word_1_252' title='bbox 811 2446 1014 2483; x_wconf 90' lang='lat' dir='ltr'>uniendae.</span> 
     </span>
     <span class='ocr_line' id='line_1_45' title="bbox 79 2497 1015 2548; baseline 0.002 -14"><span class='ocrx_word' id='word_1_253' title='bbox 79 2497 262 2535; x_wconf 84' lang='lat' dir='ltr'>Pontifex</span> <span class='ocrx_word' id='word_1_254' title='bbox 281 2509 381 2535; x_wconf 87' lang='lat' dir='ltr'>anno</span> <span class='ocrx_word' id='word_1_255' title='bbox 403 2499 501 2536; x_wconf 86' lang='lat'>1581</span> <span class='ocrx_word' id='word_1_256' title='bbox 533 2499 581 2536; x_wconf 88' lang='lat' dir='ltr'>ad</span> <span class='ocrx_word' id='word_1_257' title='bbox 617 2500 855 2548; x_wconf 83' lang='lat' dir='ltr'>Stephanum</span> <span class='ocrx_word' id='word_1_258' title='bbox 884 2511 1015 2548; x_wconf 86' lang='lat' dir='ltr'>regem</span> 
     </span>
     <span class='ocr_line' id='line_1_46' title="bbox 80 2551 1016 2590; baseline 0 -2"><span class='ocrx_word' id='word_1_259' title='bbox 80 2551 265 2588; x_wconf 86' lang='lat' dir='ltr'>Poloniae</span> <span class='ocrx_word' id='word_1_260' title='bbox 286 2555 325 2588; x_wconf 91' lang='lat' dir='ltr'>et</span> <span class='ocrx_word' id='word_1_261' title='bbox 340 2551 524 2588; x_wconf 88' lang='lat' dir='ltr'>Ioannem</span> <span class='ocrx_word' id='word_1_262' title='bbox 561 2553 776 2590; x_wconf 88' lang='lat' dir='ltr'>Russorum</span> <span class='ocrx_word' id='word_1_263' title='bbox 799 2553 935 2590; x_wconf 87' lang='lat' dir='ltr'>ducem</span> <span class='ocrx_word' id='word_1_264' title='bbox 956 2553 1016 2589; x_wconf 91' lang='lat' dir='ltr'>le-</span> 
     </span>
     <span class='ocr_line' id='line_1_47' title="bbox 79 2604 1014 2654; baseline 0.001 -13"><span class='ocrx_word' id='word_1_265' title='bbox 79 2605 186 2653; x_wconf 87' lang='lat' dir='ltr'>gavit</span> <span class='ocrx_word' id='word_1_266' title='bbox 206 2604 444 2642; x_wconf 90' lang='lat' dir='ltr'>Antoninum</span> <span class='ocrx_word' id='word_1_267' title='bbox 465 2605 721 2642; x_wconf 90' lang='lat' dir='ltr'>Possevinum</span> <span class='ocrx_word' id='word_1_268' title='bbox 737 2606 934 2651; x_wconf 86' lang='lat' dir='ltr'>Iesuitam,</span> <span class='ocrx_word' id='word_1_269' title='bbox 951 2606 1014 2654; x_wconf 89' lang='lat' dir='ltr'>qui</span> 
     </span>
     <span class='ocr_line' id='line_1_48' title="bbox 77 2658 1017 2706; baseline 0.002 -12"><span class='ocrx_word' id='word_1_270' title='bbox 77 2669 213 2706; x_wconf 88' lang='lat' dir='ltr'>pacem</span> <span class='ocrx_word' id='word_1_271' title='bbox 234 2658 335 2694; x_wconf 89' lang='lat' dir='ltr'>inter</span> <span class='ocrx_word' id='word_1_272' title='bbox 354 2669 419 2695; x_wconf 91' lang='lat' dir='ltr'>eos</span> <span class='ocrx_word' id='word_1_273' title='bbox 444 2658 678 2705; x_wconf 86' lang='lat' dir='ltr'>conciliavit,</span> <span class='ocrx_word' id='word_1_274' title='bbox 699 2662 737 2697; x_wconf 91' lang='lat' dir='ltr'>et</span> <span class='ocrx_word' id='word_1_275' title='bbox 757 2670 845 2696; x_wconf 89' lang='lat' dir='ltr'>cum</span> <span class='ocrx_word' id='word_1_276' title='bbox 875 2659 1017 2696; x_wconf 89' lang='lat' dir='ltr'>Ioanne</span> 
     </span>
     <span class='ocr_line' id='line_1_49' title="bbox 76 2711 1016 2760; baseline 0.001 -12"><span class='ocrx_word' id='word_1_277' title='bbox 76 2712 234 2760; x_wconf 85' lang='lat' dir='ltr'>saepius</span> <span class='ocrx_word' id='word_1_278' title='bbox 255 2711 421 2748; x_wconf 84' lang='lat' dir='ltr'>contulit</span> <span class='ocrx_word' id='word_1_279' title='bbox 444 2711 489 2748; x_wconf 91' lang='lat' dir='ltr'>de</span> <span class='ocrx_word' id='word_1_280' title='bbox 511 2711 659 2749; x_wconf 90' lang='lat' dir='ltr'>unionis</span> <span class='ocrx_word' id='word_1_281' title='bbox 679 2712 863 2749; x_wconf 89' lang='lat' dir='ltr'>ecclesiae</span> <span class='ocrx_word' id='word_1_282' title='bbox 884 2713 1016 2749; x_wconf 88' lang='lat' dir='ltr'>Russi-</span> 
     </span>
     <span class='ocr_line' id='line_1_50' title="bbox 75 2764 1018 2814; baseline 0.001 -13"><span class='ocrx_word' id='word_1_283' title='bbox 75 2775 143 2801; x_wconf 86' lang='lat' dir='ltr'>cae</span> <span class='ocrx_word' id='word_1_284' title='bbox 182 2775 269 2801; x_wconf 91' lang='lat' dir='ltr'>cum</span> <span class='ocrx_word' id='word_1_285' title='bbox 308 2764 490 2800; x_wconf 87' lang='lat' dir='ltr'>Romana</span> <span class='ocrx_word' id='word_1_286' title='bbox 531 2765 696 2813; x_wconf 80' lang='lat' dir='ltr'>negoti03</span> <span class='ocrx_word' id='word_1_287' title='bbox 729 2766 795 2802; x_wconf 89' lang='lat' dir='ltr'>sed</span> <span class='ocrx_word' id='word_1_288' title='bbox 813 2765 903 2811; x_wconf 80' lang='lat' dir='ltr'>dux,</span> <span class='ocrx_word' id='word_1_289' title='bbox 925 2777 1018 2814; x_wconf 88' lang='lat' dir='ltr'>pace</span> 
     </span>
     <span class='ocr_line' id='line_1_51' title="bbox 76 2817 870 2863; baseline 0.001 -9"><span class='ocrx_word' id='word_1_290' title='bbox 76 2818 304 2863; x_wconf 87' lang='lat' dir='ltr'>constituta,</span> <span class='ocrx_word' id='word_1_291' title='bbox 334 2817 487 2854; x_wconf 89' lang='lat' dir='ltr'>unionis</span> <span class='ocrx_word' id='word_1_292' title='bbox 507 2817 665 2854; x_wconf 88' lang='lat' dir='ltr'>consilia</span> <span class='ocrx_word' id='word_1_293' title='bbox 684 2818 825 2854; x_wconf 87' lang='lat' dir='ltr'>abiecit</span> <span class='ocrx_word' id='word_1_294' title='bbox 844 2817 870 2855; x_wconf 79' lang='lat'>³.</span> 
     </span>
    </p>

    <p class='ocr_par' dir='ltr' id='par_1_7' title="bbox 75 2869 1017 3026">
     <span class='ocr_line' id='line_1_52' title="bbox 130 2869 1017 2918; baseline 0.001 -11"><span class='ocrx_word' id='word_1_295' title='bbox 130 2870 235 2907; x_wconf 86' lang='lat' dir='ltr'>Idem</span> <span class='ocrx_word' id='word_1_296' title='bbox 259 2870 474 2907; x_wconf 87' lang='lat' dir='ltr'>Russorum</span> <span class='ocrx_word' id='word_1_297' title='bbox 496 2869 574 2906; x_wconf 84' lang='lat' dir='ltr'>dux</span> <span class='ocrx_word' id='word_1_298' title='bbox 594 2881 616 2906; x_wconf 83' lang='lat' dir='ltr'>a</span> <span class='ocrx_word' id='word_1_299' title='bbox 632 2871 794 2908; x_wconf 87' lang='lat' dir='ltr'>Ieremia</span> <span class='ocrx_word' id='word_1_300' title='bbox 810 2871 1017 2918; x_wconf 88' lang='lat' dir='ltr'>IIpatriar-</span> 
     </span>
     <span class='ocr_line' id='line_1_53' title="bbox 75 2923 1017 2972; baseline 0.001 -13"><span class='ocrx_word' id='word_1_301' title='bbox 75 2923 148 2961; x_wconf 86' lang='lat' dir='ltr'>cha</span> <span class='ocrx_word' id='word_1_302' title='bbox 169 2924 275 2972; x_wconf 90' lang='lat' dir='ltr'>Cpno</span> <span class='ocrx_word' id='word_1_303' title='bbox 304 2923 427 2972; x_wconf 89' lang='lat' dir='ltr'>pretio</span> <span class='ocrx_word' id='word_1_304' title='bbox 457 2925 687 2960; x_wconf 89' lang='lat' dir='ltr'>consecutus</span> <span class='ocrx_word' id='word_1_305' title='bbox 707 2925 777 2970; x_wconf 86' lang='lat' dir='ltr'>est,</span> <span class='ocrx_word' id='word_1_306' title='bbox 795 2926 839 2960; x_wconf 92' lang='lat' dir='ltr'>ut</span> <span class='ocrx_word' id='word_1_307' title='bbox 857 2924 1017 2961; x_wconf 90' lang='lat' dir='ltr'>ecclesia</span> 
     </span>
     <span class='ocr_line' id='line_1_54' title="bbox 76 2976 1017 3026; baseline 0.001 -13"><span class='ocrx_word' id='word_1_308' title='bbox 76 2976 240 3015; x_wconf 87' lang='lat' dir='ltr'>Russica</span> <span class='ocrx_word' id='word_1_309' title='bbox 259 2976 456 3026; x_wconf 86' lang='lat' dir='ltr'>proprium</span> <span class='ocrx_word' id='word_1_310' title='bbox 477 2976 639 3014; x_wconf 84' lang='lat' dir='ltr'>haberet</span> <span class='ocrx_word' id='word_1_311' title='bbox 650 2977 923 3025; x_wconf 80' lang='lat' dir='ltr'>patriarcham,</span> <span class='ocrx_word' id='word_1_312' title='bbox 938 2977 1017 3014; x_wconf 91' lang='lat' dir='ltr'>Mo-</span> 
     </span>
    </p>
   </div>
   <div class='ocr_carea' id='block_1_5' title="bbox 77 3067 255 3072">
    <p class='ocr_par' dir='ltr' id='par_1_8' title="bbox 77 3067 255 3072">
     <span class='ocr_line' id='line_1_55' title="bbox 77 3067 255 3072; baseline 0 0"><span class='ocrx_word' id='word_1_313' title='bbox 77 3067 255 3072; x_wconf 95' lang='lat' dir='ltr'> </span> 
     </span>
    </p>
   </div>
   <div class='ocr_carea' id='block_1_6' title="bbox 115 3112 991 3229">
    <p class='ocr_par' dir='ltr' id='par_1_9' title="bbox 115 3112 991 3229">
     <span class='ocr_line' id='line_1_56' title="bbox 116 3112 348 3152; baseline 0 -8"><span class='ocrx_word' id='word_1_314' title='bbox 116 3112 126 3134; x_wconf 89' lang='lat'>¹</span> <span class='ocrx_word' id='word_1_315' title='bbox 146 3113 219 3144; x_wconf 85' lang='lat' dir='ltr'>Vide</span> <span class='ocrx_word' id='word_1_316' title='bbox 237 3124 266 3152; x_wconf 89' lang='lat' dir='ltr'>p.</span> <span class='ocrx_word' id='word_1_317' title='bbox 281 3112 348 3145; x_wconf 66' lang='lat'>129.</span> 
     </span>
     <span class='ocr_line' id='line_1_57' title="bbox 117 3154 522 3195; baseline 0 -9"><span class='ocrx_word' id='word_1_318' title='bbox 117 3154 294 3195; x_wconf 75' lang='lat' dir='ltr'>2uayna1d.</span> <span class='ocrx_word' id='word_1_319' title='bbox 311 3157 349 3185; x_wconf 81' lang='lat' dir='ltr'>ad</span> <span class='ocrx_word' id='word_1_320' title='bbox 367 3164 416 3186; x_wconf 81' lang='lat' dir='ltr'>an.</span> <span class='ocrx_word' id='word_1_321' title='bbox 434 3154 522 3186; x_wconf 82' lang='lat'>1501.</span> 
     </span>
     <span class='ocr_line' id='line_1_58' title="bbox 115 3195 991 3229; baseline 0 -1"><span class='ocrx_word' id='word_1_322' title='bbox 115 3195 129 3217; x_wconf 82' lang='lat'>³</span> <span class='ocrx_word' id='word_1_323' title='bbox 144 3198 180 3228; x_wconf 84' lang='grc' dir='ltr'>Α.</span> <span class='ocrx_word' id='word_1_324' title='bbox 193 3197 349 3228; x_wconf 69' lang='lat' dir='ltr'>possevin.</span> <span class='ocrx_word' id='word_1_325' title='bbox 366 3197 521 3229; x_wconf 68' lang='lat' dir='ltr'>Moscovia</span> <span class='ocrx_word' id='word_1_326' title='bbox 536 3205 591 3229; x_wconf 80' lang='lat' dir='ltr'>seu</span> <span class='ocrx_word' id='word_1_327' title='bbox 607 3195 643 3228; x_wconf 83' lang='lat' dir='ltr'>de</span> <span class='ocrx_word' id='word_1_328' title='bbox 658 3196 751 3228; x_wconf 69' lang='lat' dir='ltr'>rebus</span> <span class='ocrx_word' id='word_1_329' title='bbox 769 3196 991 3229; x_wconf 75' lang='lat' dir='ltr'>Moscovilicis.</span> 
     </span>
    </p>
   </div>
   <div class='ocr_carea' id='block_1_7' title="bbox 1032 488 1039 1670">
    <p class='ocr_par' dir='ltr' id='par_1_10' title="bbox 1032 488 1039 1670">
     <span class='ocr_line' id='line_1_59' title="bbox 1032 488 1039 1670; baseline 0 0"><span class='ocrx_word' id='word_1_330' title='bbox 1032 488 1039 1670; x_wconf 95' lang='lat' dir='ltr'> </span> 
     </span>
    </p>
   </div>
   <div class='ocr_carea' id='block_1_8' title="bbox 1870 131 1942 169">
    <p class='ocr_par' dir='ltr' id='par_1_11' title="bbox 1870 131 1942 169">
     <span class='ocr_line' id='line_1_60' title="bbox 1870 131 1942 169; baseline 0 0"><span class='ocrx_word' id='word_1_331' title='bbox 1870 131 1942 169; x_wconf 86' lang='lat'>187</span> 
     </span>
    </p>
   </div>
   <div class='ocr_carea' id='block_1_9' title="bbox 1052 204 1999 1854">
    <p class='ocr_par' dir='ltr' id='par_1_12' title="bbox 1057 204 1997 360">
     <span class='ocr_line' id='line_1_61' title="bbox 1057 204 1997 244; baseline -0.001 0"><span class='ocrx_word' id='word_1_332' title='bbox 1057 206 1210 244; x_wconf 80' lang='lat' dir='ltr'>seoviae</span> <span class='ocrx_word' id='word_1_333' title='bbox 1231 206 1475 244; x_wconf 83' lang='lat' dir='ltr'>residentem.</span> <span class='ocrx_word' id='word_1_334' title='bbox 1497 204 1643 242; x_wconf 88' lang='lat' dir='ltr'>Verum</span> <span class='ocrx_word' id='word_1_335' title='bbox 1676 205 1840 243; x_wconf 89' lang='lat' dir='ltr'>ecclesia</span> <span class='ocrx_word' id='word_1_336' title='bbox 1859 206 1997 243; x_wconf 87' lang='lat' dir='ltr'>Russi-</span> 
     </span>
     <span class='ocr_line' id='line_1_62' title="bbox 1059 258 1996 308; baseline 0 -12"><span class='ocrx_word' id='word_1_337' title='bbox 1059 271 1103 296; x_wconf 88' lang='lat' dir='ltr'>ca</span> <span class='ocrx_word' id='word_1_338' title='bbox 1123 271 1145 296; x_wconf 91' lang='lat' dir='ltr'>a</span> <span class='ocrx_word' id='word_1_339' title='bbox 1161 260 1267 308; x_wconf 87' lang='lat' dir='ltr'>Cpna</span> <span class='ocrx_word' id='word_1_340' title='bbox 1304 259 1427 296; x_wconf 82' lang='lat' dir='ltr'>libera</span> <span class='ocrx_word' id='word_1_341' title='bbox 1446 288 1456 303; x_wconf 92' lang='lat'>,</span> <span class='ocrx_word' id='word_1_342' title='bbox 1493 259 1597 296; x_wconf 85' lang='lat' dir='ltr'>facta</span> <span class='ocrx_word' id='word_1_343' title='bbox 1635 260 1695 296; x_wconf 89' lang='lat' dir='ltr'>est</span> <span class='ocrx_word' id='word_1_344' title='bbox 1723 269 1839 296; x_wconf 87' lang='lat' dir='ltr'>serva</span> <span class='ocrx_word' id='word_1_345' title='bbox 1858 258 1996 296; x_wconf 89' lang='lat' dir='ltr'>summi</span> 
     </span>
     <span class='ocr_line' id='line_1_63' title="bbox 1059 312 1490 360; baseline -0.002 -10"><span class='ocrx_word' id='word_1_346' title='bbox 1059 313 1276 350; x_wconf 87' lang='lat' dir='ltr'>Russorum</span> <span class='ocrx_word' id='word_1_347' title='bbox 1298 312 1490 360; x_wconf 87' lang='lat' dir='ltr'>principis.</span> 
     </span>
    </p>

    <p class='ocr_par' dir='ltr' id='par_1_13' title="bbox 1052 364 1999 1527">
     <span class='ocr_line' id='line_1_64' title="bbox 1113 364 1999 413; baseline 0 -11"><span class='ocrx_word' id='word_1_348' title='bbox 1113 367 1223 402; x_wconf 84' lang='lat' dir='ltr'>Tunc.</span> <span class='ocrx_word' id='word_1_349' title='bbox 1248 365 1413 413; x_wconf 77' lang='lat' dir='ltr'>episcopi</span> <span class='ocrx_word' id='word_1_350' title='bbox 1436 364 1658 413; x_wconf 80' lang='lat' dir='ltr'>metropolis</span> <span class='ocrx_word' id='word_1_351' title='bbox 1680 364 1913 409; x_wconf 84' lang='lat' dir='ltr'>Kioviensis,</span> <span class='ocrx_word' id='word_1_352' title='bbox 1933 364 1999 413; x_wconf 85' lang='lat' dir='ltr'>qui</span> 
     </span>
     <span class='ocr_line' id='line_1_65' title="bbox 1060 418 1997 467; baseline -0.001 -12"><span class='ocrx_word' id='word_1_353' title='bbox 1060 420 1163 467; x_wconf 77' lang='lat' dir='ltr'>regis</span> <span class='ocrx_word' id='word_1_354' title='bbox 1185 418 1367 455; x_wconf 84' lang='lat' dir='ltr'>Poloniae</span> <span class='ocrx_word' id='word_1_355' title='bbox 1401 418 1608 465; x_wconf 75' lang='lat' dir='ltr'>magnique</span> <span class='ocrx_word' id='word_1_356' title='bbox 1630 418 1738 455; x_wconf 84' lang='lat' dir='ltr'>ducis</span> <span class='ocrx_word' id='word_1_357' title='bbox 1767 418 1997 455; x_wconf 81' lang='lat' dir='ltr'>Lithuauiae</span> 
     </span>
     <span class='ocr_line' id='line_1_66' title="bbox 1059 471 1998 516; baseline -0.001 -7"><span class='ocrx_word' id='word_1_358' title='bbox 1059 471 1311 509; x_wconf 84' lang='lat' dir='ltr'>dominationi</span> <span class='ocrx_word' id='word_1_359' title='bbox 1333 472 1532 516; x_wconf 80' lang='lat' dir='ltr'>suberant,</span> <span class='ocrx_word' id='word_1_360' title='bbox 1553 471 1754 508; x_wconf 80' lang='lat' dir='ltr'>consilium</span> <span class='ocrx_word' id='word_1_361' title='bbox 1774 471 1944 509; x_wconf 87' lang='lat' dir='ltr'>inierunt</span> <span class='ocrx_word' id='word_1_362' title='bbox 1963 483 1998 508; x_wconf 92' lang='lat' dir='ltr'>o-</span> 
     </span>
     <span class='ocr_line' id='line_1_67' title="bbox 1060 524 1997 573; baseline -0.001 -12"><span class='ocrx_word' id='word_1_363' title='bbox 1060 525 1227 562; x_wconf 80' lang='lat' dir='ltr'>bedienti</span> <span class='ocrx_word' id='word_1_364' title='bbox 1262 524 1388 572; x_wconf 86' lang='lat' dir='ltr'>potius</span> <span class='ocrx_word' id='word_1_365' title='bbox 1422 524 1596 560; x_wconf 83' lang='lat' dir='ltr'>Romano</span> <span class='ocrx_word' id='word_1_366' title='bbox 1632 525 1807 561; x_wconf 80' lang='lat' dir='ltr'>Pontifici</span> <span class='ocrx_word' id='word_1_367' title='bbox 1827 553 1836 569; x_wconf 93' lang='lat'>,</span> <span class='ocrx_word' id='word_1_368' title='bbox 1882 536 1997 573; x_wconf 86' lang='lat' dir='ltr'>quam</span> 
     </span>
     <span class='ocr_line' id='line_1_68' title="bbox 1059 577 1998 627; baseline 0.001 -14"><span class='ocrx_word' id='word_1_369' title='bbox 1059 578 1306 627; x_wconf 81' lang='lat' dir='ltr'>patriarchae</span> <span class='ocrx_word' id='word_1_370' title='bbox 1323 577 1592 622; x_wconf 83' lang='lat' dir='ltr'>Moscovicnsi3</span> <span class='ocrx_word' id='word_1_371' title='bbox 1606 589 1705 614; x_wconf 90' lang='lat' dir='ltr'>anno</span> <span class='ocrx_word' id='word_1_372' title='bbox 1724 578 1823 614; x_wconf 77' lang='lat'>1593</span> <span class='ocrx_word' id='word_1_373' title='bbox 1837 578 1907 615; x_wconf 86' lang='lat' dir='ltr'>sub</span> <span class='ocrx_word' id='word_1_374' title='bbox 1928 578 1998 615; x_wconf 89' lang='lat' dir='ltr'>Mi-</span> 
     </span>
     <span class='ocr_line' id='line_1_69' title="bbox 1058 629 1996 679; baseline -0.001 -11"><span class='ocrx_word' id='word_1_375' title='bbox 1058 631 1192 668; x_wconf 73' lang='lat' dir='ltr'>chaele</span> <span class='ocrx_word' id='word_1_376' title='bbox 1205 631 1375 672; x_wconf 82' lang='lat' dir='ltr'>Rahosa,</span> <span class='ocrx_word' id='word_1_377' title='bbox 1396 629 1639 678; x_wconf 85' lang='lat' dir='ltr'>metropolita</span> <span class='ocrx_word' id='word_1_378' title='bbox 1650 630 1996 679; x_wconf 82' lang='lat' dir='ltr'>Kioviensi,syno-</span> 
     </span>
     <span class='ocr_line' id='line_1_70' title="bbox 1057 683 1997 733; baseline 0.002 -13"><span class='ocrx_word' id='word_1_379' title='bbox 1057 685 1146 722; x_wconf 88' lang='lat' dir='ltr'>dum</span> <span class='ocrx_word' id='word_1_380' title='bbox 1162 684 1381 721; x_wconf 89' lang='lat' dir='ltr'>habuerunt</span> <span class='ocrx_word' id='word_1_381' title='bbox 1395 683 1555 720; x_wconf 86' lang='lat' dir='ltr'>Brestae</span> <span class='ocrx_word' id='word_1_382' title='bbox 1572 683 1608 719; x_wconf 92' lang='lat' dir='ltr'>in</span> <span class='ocrx_word' id='word_1_383' title='bbox 1627 683 1848 728; x_wconf 88' lang='lat' dir='ltr'>Lithuania,</span> <span class='ocrx_word' id='word_1_384' title='bbox 1866 683 1903 721; x_wconf 89' lang='lat' dir='ltr'>in</span> <span class='ocrx_word' id='word_1_385' title='bbox 1921 696 1997 733; x_wconf 83' lang='lat' dir='ltr'>qua</span> 
     </span>
     <span class='ocr_line' id='line_1_71' title="bbox 1058 735 1995 786; baseline 0 -11"><span class='ocrx_word' id='word_1_386' title='bbox 1058 740 1141 786; x_wconf 89' lang='lat' dir='ltr'>post</span> <span class='ocrx_word' id='word_1_387' title='bbox 1168 739 1362 774; x_wconf 87' lang='lat' dir='ltr'>maturam</span> <span class='ocrx_word' id='word_1_388' title='bbox 1394 735 1711 773; x_wconf 84' lang='lat' dir='ltr'>deliberationem</span> <span class='ocrx_word' id='word_1_389' title='bbox 1738 736 1888 774; x_wconf 88' lang='lat' dir='ltr'>unionis</span> <span class='ocrx_word' id='word_1_390' title='bbox 1907 750 1995 775; x_wconf 84' lang='lat' dir='ltr'>curn</span> 
     </span>
     <span class='ocr_line' id='line_1_72' title="bbox 1057 789 1998 828; baseline 0 0"><span class='ocrx_word' id='word_1_391' title='bbox 1057 793 1236 828; x_wconf 86' lang='lat' dir='ltr'>Romana</span> <span class='ocrx_word' id='word_1_392' title='bbox 1281 789 1453 828; x_wconf 87' lang='lat' dir='ltr'>Ecclesia</span> <span class='ocrx_word' id='word_1_393' title='bbox 1499 789 1697 826; x_wconf 87' lang='lat' dir='ltr'>decretum</span> <span class='ocrx_word' id='word_1_394' title='bbox 1750 790 1998 828; x_wconf 87' lang='lat' dir='ltr'>confecerunt</span> 
     </span>
     <span class='ocr_line' id='line_1_73' title="bbox 1058 842 1996 893; baseline 0 -12"><span class='ocrx_word' id='word_1_395' title='bbox 1058 845 1302 891; x_wconf 86' lang='lat' dir='ltr'>Romamque</span> <span class='ocrx_word' id='word_1_396' title='bbox 1331 843 1522 880; x_wconf 90' lang='lat' dir='ltr'>miserunt</span> <span class='ocrx_word' id='word_1_397' title='bbox 1541 853 1607 889; x_wconf 87' lang='lat' dir='ltr'>per</span> <span class='ocrx_word' id='word_1_398' title='bbox 1627 842 1721 879; x_wconf 87' lang='lat' dir='ltr'>duos</span> <span class='ocrx_word' id='word_1_399' title='bbox 1741 842 1900 880; x_wconf 89' lang='lat' dir='ltr'>selectos</span> <span class='ocrx_word' id='word_1_400' title='bbox 1915 844 1996 893; x_wconf 88' lang='lat' dir='ltr'>epi-</span> 
     </span>
     <span class='ocr_line' id='line_1_74' title="bbox 1056 894 1996 945; baseline 0 -11"><span class='ocrx_word' id='word_1_401' title='bbox 1056 908 1201 945; x_wconf 88' lang='lat' dir='ltr'>scopos.</span> <span class='ocrx_word' id='word_1_402' title='bbox 1240 896 1415 934; x_wconf 90' lang='lat' dir='ltr'>Clemens</span> <span class='ocrx_word' id='word_1_403' title='bbox 1436 895 1505 943; x_wconf 87' lang='lat' dir='ltr'>Pp.</span> <span class='ocrx_word' id='word_1_404' title='bbox 1528 894 1621 932; x_wconf 90' lang='lat' dir='ltr'>VIII</span> <span class='ocrx_word' id='word_1_405' title='bbox 1641 906 1706 932; x_wconf 89' lang='lat' dir='ltr'>eos</span> <span class='ocrx_word' id='word_1_406' title='bbox 1725 894 1852 932; x_wconf 90' lang='lat' dir='ltr'>laetus</span> <span class='ocrx_word' id='word_1_407' title='bbox 1882 908 1996 934; x_wconf 83' lang='lat' dir='ltr'>exce-</span> 
     </span>
     <span class='ocr_line' id='line_1_75' title="bbox 1055 948 1996 999; baseline 0 -12"><span class='ocrx_word' id='word_1_408' title='bbox 1055 951 1124 999; x_wconf 86' lang='lat' dir='ltr'>pit,</span> <span class='ocrx_word' id='word_1_409' title='bbox 1145 953 1184 988; x_wconf 87' lang='lat' dir='ltr'>et</span> <span class='ocrx_word' id='word_1_410' title='bbox 1208 950 1438 987; x_wconf 86' lang='lat' dir='ltr'>catholicam</span> <span class='ocrx_word' id='word_1_411' title='bbox 1469 948 1584 985; x_wconf 84' lang='lat' dir='ltr'>fidem</span> <span class='ocrx_word' id='word_1_412' title='bbox 1604 949 1722 995; x_wconf 85' lang='lat' dir='ltr'>atque</span> <span class='ocrx_word' id='word_1_413' title='bbox 1742 948 1996 987; x_wconf 88' lang='lat' dir='ltr'>obedientiam</span> 
     </span>
     <span class='ocr_line' id='line_1_76' title="bbox 1059 1001 1994 1052; baseline 0 -12"><span class='ocrx_word' id='word_1_414' title='bbox 1059 1003 1303 1052; x_wconf 86' lang='lat' dir='ltr'>Apostolicae</span> <span class='ocrx_word' id='word_1_415' title='bbox 1323 1003 1402 1040; x_wconf 89' lang='lat' dir='ltr'>sedi</span> <span class='ocrx_word' id='word_1_416' title='bbox 1425 1001 1613 1050; x_wconf 83' lang='lat' dir='ltr'>professos</span> <span class='ocrx_word' id='word_1_417' title='bbox 1634 1001 1672 1037; x_wconf 89' lang='lat' dir='ltr'>in</span> <span class='ocrx_word' id='word_1_418' title='bbox 1689 1003 1994 1043; x_wconf 88' lang='lat' dir='ltr'>communionem</span> 
     </span>
     <span class='ocr_line' id='line_1_77' title="bbox 1056 1054 1996 1100; baseline -0.001 -6"><span class='ocrx_word' id='word_1_419' title='bbox 1056 1057 1250 1094; x_wconf 81' lang='lat' dir='ltr'>Ecclesiae</span> <span class='ocrx_word' id='word_1_420' title='bbox 1281 1055 1438 1094; x_wconf 86' lang='lat' dir='ltr'>admisit</span> <span class='ocrx_word' id='word_1_421' title='bbox 1458 1067 1518 1092; x_wconf 88' lang='lat' dir='ltr'>an.</span> <span class='ocrx_word' id='word_1_422' title='bbox 1545 1054 1670 1100; x_wconf 76' lang='lat'>15953</span> <span class='ocrx_word' id='word_1_423' title='bbox 1692 1054 1936 1093; x_wconf 87' lang='lat' dir='ltr'>confirmavit</span> <span class='ocrx_word' id='word_1_424' title='bbox 1958 1069 1996 1093; x_wconf 89' lang='lat' dir='ltr'>e-</span> 
     </span>
     <span class='ocr_line' id='line_1_78' title="bbox 1054 1108 1997 1158; baseline -0.001 -11"><span class='ocrx_word' id='word_1_425' title='bbox 1054 1111 1148 1147; x_wconf 88' lang='lat' dir='ltr'>tiam</span> <span class='ocrx_word' id='word_1_426' title='bbox 1171 1113 1347 1158; x_wconf 86' lang='lat' dir='ltr'>receptos</span> <span class='ocrx_word' id='word_1_427' title='bbox 1369 1108 1470 1157; x_wconf 86' lang='lat' dir='ltr'>apud</span> <span class='ocrx_word' id='word_1_428' title='bbox 1491 1108 1578 1145; x_wconf 90' lang='lat' dir='ltr'>illos</span> <span class='ocrx_word' id='word_1_429' title='bbox 1598 1108 1697 1144; x_wconf 88' lang='lat' dir='ltr'>ritus</span> <span class='ocrx_word' id='word_1_430' title='bbox 1717 1108 1916 1146; x_wconf 88' lang='lat' dir='ltr'>doctrinae</span> <span class='ocrx_word' id='word_1_431' title='bbox 1936 1122 1997 1146; x_wconf 88' lang='lat' dir='ltr'>ca-</span> 
     </span>
     <span class='ocr_line' id='line_1_79' title="bbox 1055 1160 1993 1211; baseline -0.002 -11"><span class='ocrx_word' id='word_1_432' title='bbox 1055 1163 1221 1200; x_wconf 86' lang='lat' dir='ltr'>tholicae</span> <span class='ocrx_word' id='word_1_433' title='bbox 1242 1175 1316 1200; x_wconf 90' lang='lat' dir='ltr'>non</span> <span class='ocrx_word' id='word_1_434' title='bbox 1339 1163 1542 1211; x_wconf 87' lang='lat' dir='ltr'>oppositos.</span> <span class='ocrx_word' id='word_1_435' title='bbox 1578 1160 1855 1209; x_wconf 85' lang='lat' dir='ltr'>Episcoporum</span> <span class='ocrx_word' id='word_1_436' title='bbox 1877 1163 1922 1198; x_wconf 85' lang='lat' dir='ltr'>ad</span> <span class='ocrx_word' id='word_1_437' title='bbox 1946 1175 1993 1198; x_wconf 93' lang='lat' dir='ltr'>u-</span> 
     </span>
     <span class='ocr_line' id='line_1_80' title="bbox 1054 1214 1995 1264; baseline -0.002 -10"><span class='ocrx_word' id='word_1_438' title='bbox 1054 1217 1216 1254; x_wconf 87' lang='lat' dir='ltr'>nitatem</span> <span class='ocrx_word' id='word_1_439' title='bbox 1239 1216 1467 1253; x_wconf 81' lang='lat' dir='ltr'>catholicam</span> <span class='ocrx_word' id='word_1_440' title='bbox 1500 1215 1668 1251; x_wconf 89' lang='lat' dir='ltr'>reditum</span> <span class='ocrx_word' id='word_1_441' title='bbox 1705 1214 1876 1252; x_wconf 83' lang='lat' dir='ltr'>maxima</span> <span class='ocrx_word' id='word_1_442' title='bbox 1905 1227 1995 1264; x_wconf 86' lang='lat' dir='ltr'>pars</span> 
     </span>
     <span class='ocr_line' id='line_1_81' title="bbox 1054 1267 1993 1318; baseline -0.002 -11"><span class='ocrx_word' id='word_1_443' title='bbox 1054 1271 1147 1307; x_wconf 88' lang='lat' dir='ltr'>cleri</span> <span class='ocrx_word' id='word_1_444' title='bbox 1166 1274 1206 1307; x_wconf 89' lang='lat' dir='ltr'>et</span> <span class='ocrx_word' id='word_1_445' title='bbox 1226 1269 1353 1318; x_wconf 91' lang='lat' dir='ltr'>populi</span> <span class='ocrx_word' id='word_1_446' title='bbox 1375 1271 1509 1306; x_wconf 87' lang='lat' dir='ltr'>secuta</span> <span class='ocrx_word' id='word_1_447' title='bbox 1524 1270 1593 1305; x_wconf 89' lang='lat' dir='ltr'>est.</span> <span class='ocrx_word' id='word_1_448' title='bbox 1614 1267 1848 1304; x_wconf 87' lang='lat' dir='ltr'>Patriarcha</span> <span class='ocrx_word' id='word_1_449' title='bbox 1863 1271 1993 1305; x_wconf 86' lang='lat' dir='ltr'>autem</span> 
     </span>
     <span class='ocr_line' id='line_1_82' title="bbox 1054 1320 1994 1369; baseline -0.003 -8"><span class='ocrx_word' id='word_1_450' title='bbox 1054 1324 1332 1361; x_wconf 89' lang='lat' dir='ltr'>Moscoviensis</span> <span class='ocrx_word' id='word_1_451' title='bbox 1353 1324 1468 1369; x_wconf 82' lang='lat' dir='ltr'>atque</span> <span class='ocrx_word' id='word_1_452' title='bbox 1484 1320 1645 1358; x_wconf 88' lang='lat' dir='ltr'>subiecti</span> <span class='ocrx_word' id='word_1_453' title='bbox 1660 1320 1695 1357; x_wconf 89' lang='lat' dir='ltr'>ei</span> <span class='ocrx_word' id='word_1_454' title='bbox 1713 1321 1894 1369; x_wconf 84' lang='lat' dir='ltr'>episcopi,</span> <span class='ocrx_word' id='word_1_455' title='bbox 1908 1322 1994 1359; x_wconf 89' lang='lat' dir='ltr'>Mo-</span> 
     </span>
     <span class='ocr_line' id='line_1_83' title="bbox 1053 1373 1994 1424; baseline -0.005 -9"><span class='ocrx_word' id='word_1_456' title='bbox 1053 1379 1206 1415; x_wconf 88' lang='lat' dir='ltr'>scoviae</span> <span class='ocrx_word' id='word_1_457' title='bbox 1226 1375 1470 1424; x_wconf 71' lang='lat' dir='ltr'>congregati,</span> <span class='ocrx_word' id='word_1_458' title='bbox 1489 1373 1778 1422; x_wconf 80' lang='lat' dir='ltr'>metropolitam</span> <span class='ocrx_word' id='word_1_459' title='bbox 1797 1374 1994 1411; x_wconf 85' lang='lat' dir='ltr'>Kiovien-</span> 
     </span>
     <span class='ocr_line' id='line_1_84' title="bbox 1052 1427 1993 1477; baseline -0.004 -8"><span class='ocrx_word' id='word_1_460' title='bbox 1052 1444 1133 1470; x_wconf 88' lang='lat' dir='ltr'>sem</span> <span class='ocrx_word' id='word_1_461' title='bbox 1153 1435 1192 1470; x_wconf 89' lang='lat' dir='ltr'>et</span> <span class='ocrx_word' id='word_1_462' title='bbox 1211 1430 1432 1467; x_wconf 88' lang='lat' dir='ltr'>obedientes</span> <span class='ocrx_word' id='word_1_463' title='bbox 1451 1429 1485 1465; x_wconf 92' lang='lat' dir='ltr'>ei</span> <span class='ocrx_word' id='word_1_464' title='bbox 1508 1427 1705 1477; x_wconf 88' lang='lat' dir='ltr'>episcopos</span> <span class='ocrx_word' id='word_1_465' title='bbox 1725 1428 1993 1469; x_wconf 77' lang='lat' dir='ltr'>excommuni-</span> 
     </span>
     <span class='ocr_line' id='line_1_85' title="bbox 1053 1479 1940 1527; baseline -0.007 -4"><span class='ocrx_word' id='word_1_466' title='bbox 1053 1487 1246 1527; x_wconf 77' lang='lat' dir='ltr'>caverunt</span> <span class='ocrx_word' id='word_1_467' title='bbox 1263 1482 1288 1521; x_wconf 81' lang='lat'>¹.</span> <span class='ocrx_word' id='word_1_468' title='bbox 1919 1479 1940 1501; x_wconf 44' lang='grc' dir='ltr'>ὓ</span> 
     </span>
    </p>

    <p class='ocr_par' dir='ltr' id='par_1_14' title="bbox 1054 1534 1996 1854">
     <span class='ocr_line' id='line_1_86' title="bbox 1105 1534 1994 1577; baseline -0.006 -1"><span class='ocrx_word' id='word_1_469' title='bbox 1105 1539 1167 1577; x_wconf 80' lang='grc'>62.</span> <span class='ocrx_word' id='word_1_470' title='bbox 1190 1539 1334 1576; x_wconf 76' lang='lat' dir='ltr'>Status</span> <span class='ocrx_word' id='word_1_471' title='bbox 1354 1535 1620 1573; x_wconf 72' lang='lat' dir='ltr'>ecclesiarum</span> <span class='ocrx_word' id='word_1_472' title='bbox 1652 1534 1928 1572; x_wconf 73' lang='lat' dir='ltr'>Orientalium</span> <span class='ocrx_word' id='word_1_473' title='bbox 1943 1557 1994 1562; x_wconf 85' lang='lat'>—-</span> 
     </span>
     <span class='ocr_line' id='line_1_87' title="bbox 1054 1587 1994 1640; baseline -0.006 -10"><span class='ocrx_word' id='word_1_474' title='bbox 1054 1593 1163 1635; x_wconf 84' lang='lat' dir='ltr'>Quod</span> <span class='ocrx_word' id='word_1_475' title='bbox 1183 1591 1384 1640; x_wconf 86' lang='lat' dir='ltr'>spectabat</span> <span class='ocrx_word' id='word_1_476' title='bbox 1419 1589 1467 1626; x_wconf 89' lang='lat' dir='ltr'>ad</span> <span class='ocrx_word' id='word_1_477' title='bbox 1500 1590 1644 1625; x_wconf 85' lang='lat' dir='ltr'>statum</span> <span class='ocrx_word' id='word_1_478' title='bbox 1668 1587 1921 1625; x_wconf 86' lang='lat' dir='ltr'>ecclesiarum</span> <span class='ocrx_word' id='word_1_479' title='bbox 1942 1588 1994 1624; x_wconf 86' lang='grc' dir='ltr'>Ο-</span> 
     </span>
     <span class='ocr_line' id='line_1_88' title="bbox 1058 1640 1996 1689; baseline -0.006 -6"><span class='ocrx_word' id='word_1_480' title='bbox 1058 1645 1278 1683; x_wconf 84' lang='lat' dir='ltr'>rientalium</span> <span class='ocrx_word' id='word_1_481' title='bbox 1298 1673 1307 1689; x_wconf 92' lang='lat'>,</span> <span class='ocrx_word' id='word_1_482' title='bbox 1342 1654 1364 1680; x_wconf 89' lang='lat' dir='ltr'>a</span> <span class='ocrx_word' id='word_1_483' title='bbox 1383 1643 1534 1679; x_wconf 87' lang='lat' dir='ltr'>Graeca</span> <span class='ocrx_word' id='word_1_484' title='bbox 1567 1640 1621 1678; x_wconf 90' lang='lat' dir='ltr'>sic</span> <span class='ocrx_word' id='word_1_485' title='bbox 1647 1640 1750 1678; x_wconf 90' lang='lat' dir='ltr'>dicta</span> <span class='ocrx_word' id='word_1_486' title='bbox 1782 1642 1996 1678; x_wconf 80' lang='lat' dir='ltr'>orthodoxa</span> 
     </span>
     <span class='ocr_line' id='line_1_89' title="bbox 1057 1693 1993 1748; baseline -0.007 -11"><span class='ocrx_word' id='word_1_487' title='bbox 1057 1702 1343 1748; x_wconf 84' lang='lat' dir='ltr'>separatarum,</span> <span class='ocrx_word' id='word_1_488' title='bbox 1377 1707 1476 1744; x_wconf 89' lang='lat' dir='ltr'>quae</span> <span class='ocrx_word' id='word_1_489' title='bbox 1508 1693 1829 1732; x_wconf 85' lang='lat' dir='ltr'>Nestorianorum</span> <span class='ocrx_word' id='word_1_490' title='bbox 1849 1697 1888 1732; x_wconf 89' lang='lat' dir='ltr'>et</span> <span class='ocrx_word' id='word_1_491' title='bbox 1909 1695 1993 1732; x_wconf 90' lang='lat' dir='ltr'>Mo-</span> 
     </span>
     <span class='ocr_line' id='line_1_90' title="bbox 1059 1747 1993 1801; baseline -0.006 -11"><span class='ocrx_word' id='word_1_492' title='bbox 1059 1753 1356 1801; x_wconf 77' lang='lat' dir='ltr'>nophysitarum</span> <span class='ocrx_word' id='word_1_493' title='bbox 1373 1748 1529 1785; x_wconf 87' lang='lat' dir='ltr'>nomina</span> <span class='ocrx_word' id='word_1_494' title='bbox 1544 1747 1804 1791; x_wconf 85' lang='lat' dir='ltr'>retinuerunt,</span> <span class='ocrx_word' id='word_1_495' title='bbox 1817 1747 1993 1795; x_wconf 88' lang='lat' dir='ltr'>quamvis</span> 
     </span>
     <span class='ocr_line' id='line_1_91' title="bbox 1058 1801 1994 1854; baseline -0.006 -11"><span class='ocrx_word' id='word_1_496' title='bbox 1058 1807 1211 1854; x_wconf 88' lang='lat' dir='ltr'>saepius</span> <span class='ocrx_word' id='word_1_497' title='bbox 1230 1804 1314 1842; x_wconf 90' lang='lat' dir='ltr'>istis</span> <span class='ocrx_word' id='word_1_498' title='bbox 1333 1802 1558 1840; x_wconf 88' lang='lat' dir='ltr'>haeresibus</span> <span class='ocrx_word' id='word_1_499' title='bbox 1586 1801 1886 1848; x_wconf 87' lang='lat' dir='ltr'>renuntiassent,</span> <span class='ocrx_word' id='word_1_500' title='bbox 1907 1802 1994 1850; x_wconf 87' lang='lat' dir='ltr'>plu-</span> 
     </span>
    </p>
   </div>
   <div class='ocr_carea' id='block_1_10' title="bbox 1056 1854 2049 1904">
    <p class='ocr_par' dir='ltr' id='par_1_15' title="bbox 1056 1854 2049 1904">
     <span class='ocr_line' id='line_1_92' title="bbox 1056 1854 2049 1904; baseline -0.006 -7"><span class='ocrx_word' id='word_1_501' title='bbox 1056 1871 1117 1896; x_wconf 89' lang='lat' dir='ltr'>res</span> <span class='ocrx_word' id='word_1_502' title='bbox 1138 1870 1272 1896; x_wconf 87' lang='lat' dir='ltr'>earum</span> <span class='ocrx_word' id='word_1_503' title='bbox 1295 1856 1478 1893; x_wconf 87' lang='lat' dir='ltr'>unionem</span> <span class='ocrx_word' id='word_1_504' title='bbox 1512 1866 1599 1891; x_wconf 89' lang='lat' dir='ltr'>cum</span> <span class='ocrx_word' id='word_1_505' title='bbox 1629 1855 1676 1891; x_wconf 79' lang='lat' dir='ltr'>R.</span> <span class='ocrx_word' id='word_1_506' title='bbox 1697 1854 1884 1900; x_wconf 89' lang='lat' dir='ltr'>Ecclesia,</span> <span class='ocrx_word' id='word_1_507' title='bbox 1905 1866 1994 1892; x_wconf 86' lang='lat' dir='ltr'>sae-</span> <span class='ocrx_word' id='word_1_508' title='bbox 2046 1901 2049 1904; x_wconf 16' lang='grc' dir='ltr'>ι</span> 
     </span>
    </p>
   </div>
   <div class='ocr_carea' id='block_1_11' title="bbox 1056 1907 1997 2974">
    <p class='ocr_par' dir='ltr' id='par_1_16' title="bbox 1056 1907 1997 2974">
     <span class='ocr_line' id='line_1_93' title="bbox 1058 1907 1994 1960; baseline -0.006 -10"><span class='ocrx_word' id='word_1_509' title='bbox 1058 1913 1154 1950; x_wconf 91' lang='lat' dir='ltr'>culis</span> <span class='ocrx_word' id='word_1_510' title='bbox 1191 1909 1532 1960; x_wconf 85' lang='lat' dir='ltr'>praecedentibus,</span> <span class='ocrx_word' id='word_1_511' title='bbox 1552 1907 1779 1956; x_wconf 87' lang='lat' dir='ltr'>praesertim</span> <span class='ocrx_word' id='word_1_512' title='bbox 1818 1911 1994 1956; x_wconf 85' lang='lat' dir='ltr'>tempore</span> 
     </span>
     <span class='ocr_line' id='line_1_94' title="bbox 1057 1959 1993 2006; baseline -0.005 -3"><span class='ocrx_word' id='word_1_513' title='bbox 1057 1965 1217 2004; x_wconf 90' lang='lat' dir='ltr'>Concilii</span> <span class='ocrx_word' id='word_1_514' title='bbox 1238 1962 1452 2002; x_wconf 87' lang='lat' dir='ltr'>Florentini</span> <span class='ocrx_word' id='word_1_515' title='bbox 1480 1961 1617 1998; x_wconf 84' lang='lat' dir='ltr'>initam</span> <span class='ocrx_word' id='word_1_516' title='bbox 1639 1959 1666 2006; x_wconf 79' lang='lat'>²,</span> <span class='ocrx_word' id='word_1_517' title='bbox 1687 1961 1753 1998; x_wconf 86' lang='lat' dir='ltr'>sed</span> <span class='ocrx_word' id='word_1_518' title='bbox 1784 1960 1948 1998; x_wconf 86' lang='lat' dir='ltr'>diversis</span> <span class='ocrx_word' id='word_1_519' title='bbox 1973 1973 1993 1998; x_wconf 86' lang='lat' dir='ltr'>e</span> 
     </span>
     <span class='ocr_line' id='line_1_95' title="bbox 1061 2014 1995 2063; baseline -0.007 -6"><span class='ocrx_word' id='word_1_520' title='bbox 1061 2020 1186 2057; x_wconf 87' lang='lat' dir='ltr'>causis</span> <span class='ocrx_word' id='word_1_521' title='bbox 1224 2022 1297 2055; x_wconf 88' lang='lat' dir='ltr'>aut</span> <span class='ocrx_word' id='word_1_522' title='bbox 1334 2018 1596 2063; x_wconf 81' lang='lat' dir='ltr'>interruptam</span> <span class='ocrx_word' id='word_1_523' title='bbox 1625 2016 1698 2058; x_wconf 54' lang='lat' dir='ltr'>⁴aut</span> <span class='ocrx_word' id='word_1_524' title='bbox 1730 2014 1995 2063; x_wconf 76' lang='lat' dir='ltr'>languentem,</span> 
     </span>
     <span class='ocr_line' id='line_1_96' title="bbox 1059 2067 1994 2118; baseline -0.006 -8"><span class='ocrx_word' id='word_1_525' title='bbox 1059 2074 1225 2110; x_wconf 83' lang='lat' dir='ltr'>durante</span> <span class='ocrx_word' id='word_1_526' title='bbox 1246 2072 1319 2108; x_wconf 82' lang='lat' dir='ltr'>hac</span> <span class='ocrx_word' id='word_1_527' title='bbox 1341 2070 1489 2118; x_wconf 86' lang='lat' dir='ltr'>epocha</span> <span class='ocrx_word' id='word_1_528' title='bbox 1521 2070 1761 2105; x_wconf 83' lang='lat' dir='ltr'>renovarunt</span> <span class='ocrx_word' id='word_1_529' title='bbox 1777 2097 1787 2113; x_wconf 94' lang='lat'>,</span> <span class='ocrx_word' id='word_1_530' title='bbox 1812 2067 1876 2105; x_wconf 89' lang='lat' dir='ltr'>vel</span> <span class='ocrx_word' id='word_1_531' title='bbox 1895 2080 1994 2104; x_wconf 88' lang='lat' dir='ltr'>nune</span> 
     </span>
     <span class='ocr_line' id='line_1_97' title="bbox 1057 2120 1994 2175; baseline -0.006 -12"><span class='ocrx_word' id='word_1_532' title='bbox 1057 2126 1223 2175; x_wconf 88' lang='lat' dir='ltr'>primum</span> <span class='ocrx_word' id='word_1_533' title='bbox 1252 2125 1437 2161; x_wconf 86' lang='lat' dir='ltr'>inierunt.</span> <span class='ocrx_word' id='word_1_534' title='bbox 1456 2123 1567 2159; x_wconf 89' lang='lat' dir='ltr'>Anno</span> <span class='ocrx_word' id='word_1_535' title='bbox 1590 2120 1690 2158; x_wconf 78' lang='lat'>1553</span> <span class='ocrx_word' id='word_1_536' title='bbox 1718 2121 1882 2166; x_wconf 81' lang='lat' dir='ltr'>Salaka,</span> <span class='ocrx_word' id='word_1_537' title='bbox 1912 2121 1994 2158; x_wconf 90' lang='lat' dir='ltr'>ele-</span> 
     </span>
     <span class='ocr_line' id='line_1_98' title="bbox 1057 2174 1993 2227; baseline -0.006 -10"><span class='ocrx_word' id='word_1_538' title='bbox 1057 2182 1144 2217; x_wconf 86' lang='lat' dir='ltr'>ctus</span> <span class='ocrx_word' id='word_1_539' title='bbox 1182 2177 1408 2227; x_wconf 87' lang='lat' dir='ltr'>patriarcha</span> <span class='ocrx_word' id='word_1_540' title='bbox 1435 2174 1757 2213; x_wconf 86' lang='lat' dir='ltr'>Nestorianorum</span> <span class='ocrx_word' id='word_1_541' title='bbox 1797 2175 1993 2212; x_wconf 88' lang='lat' dir='ltr'>unitorum</span> 
     </span>
     <span class='ocr_line' id='line_1_99' title="bbox 1058 2227 1995 2280; baseline -0.007 -10"><span class='ocrx_word' id='word_1_542' title='bbox 1058 2233 1201 2270; x_wconf 87' lang='lat' dir='ltr'>veteris</span> <span class='ocrx_word' id='word_1_543' title='bbox 1216 2230 1414 2280; x_wconf 84' lang='lat' dir='ltr'>Assyriae,</span> <span class='ocrx_word' id='word_1_544' title='bbox 1430 2230 1595 2266; x_wconf 86' lang='lat' dir='ltr'>Romam</span> <span class='ocrx_word' id='word_1_545' title='bbox 1611 2227 1720 2264; x_wconf 87' lang='lat' dir='ltr'>venit</span> <span class='ocrx_word' id='word_1_546' title='bbox 1734 2227 1995 2265; x_wconf 88' lang='lat' dir='ltr'>confirmatio-</span> 
     </span>
     <span class='ocr_line' id='line_1_100' title="bbox 1059 2281 1995 2330; baseline -0.007 -6"><span class='ocrx_word' id='word_1_547' title='bbox 1059 2298 1143 2324; x_wconf 88' lang='lat' dir='ltr'>nem</span> <span class='ocrx_word' id='word_1_548' title='bbox 1163 2297 1256 2323; x_wconf 89' lang='lat' dir='ltr'>suae</span> <span class='ocrx_word' id='word_1_549' title='bbox 1273 2282 1471 2322; x_wconf 86' lang='lat' dir='ltr'>electionis</span> <span class='ocrx_word' id='word_1_550' title='bbox 1487 2281 1765 2330; x_wconf 85' lang='lat' dir='ltr'>postulaturus,</span> <span class='ocrx_word' id='word_1_551' title='bbox 1786 2292 1916 2318; x_wconf 87' lang='lat' dir='ltr'>coram</span> <span class='ocrx_word' id='word_1_552' title='bbox 1936 2281 1995 2317; x_wconf 92' lang='lat' dir='ltr'>Iu-</span> 
     </span>
     <span class='ocr_line' id='line_1_101' title="bbox 1056 2334 1994 2388; baseline -0.007 -11"><span class='ocrx_word' id='word_1_553' title='bbox 1056 2341 1109 2377; x_wconf 91' lang='lat' dir='ltr'>lio</span> <span class='ocrx_word' id='word_1_554' title='bbox 1130 2339 1199 2388; x_wconf 88' lang='lat' dir='ltr'>Pp.</span> <span class='ocrx_word' id='word_1_555' title='bbox 1221 2339 1277 2375; x_wconf 93' lang='lat' dir='ltr'>III</span> <span class='ocrx_word' id='word_1_556' title='bbox 1298 2337 1508 2386; x_wconf 89' lang='lat' dir='ltr'>primatum</span> <span class='ocrx_word' id='word_1_557' title='bbox 1530 2335 1577 2372; x_wconf 81' lang='lat' dir='ltr'>R.</span> <span class='ocrx_word' id='word_1_558' title='bbox 1607 2334 1805 2371; x_wconf 86' lang='lat' dir='ltr'>Ecclesiae</span> <span class='ocrx_word' id='word_1_559' title='bbox 1839 2334 1994 2382; x_wconf 89' lang='lat' dir='ltr'>eiusque</span> 
     </span>
     <span class='ocr_line' id='line_1_102' title="bbox 1058 2386 1994 2436; baseline -0.009 -5"><span class='ocrx_word' id='word_1_560' title='bbox 1058 2393 1194 2431; x_wconf 87' lang='lat' dir='ltr'>Fidem</span> <span class='ocrx_word' id='word_1_561' title='bbox 1210 2404 1280 2429; x_wconf 91' lang='lat' dir='ltr'>suo</span> <span class='ocrx_word' id='word_1_562' title='bbox 1297 2399 1530 2436; x_wconf 85' lang='lat' dir='ltr'>suorumque</span> <span class='ocrx_word' id='word_1_563' title='bbox 1545 2387 1699 2425; x_wconf 88' lang='lat' dir='ltr'>nomine</span> <span class='ocrx_word' id='word_1_564' title='bbox 1716 2386 1908 2435; x_wconf 90' lang='lat' dir='ltr'>professus</span> <span class='ocrx_word' id='word_1_565' title='bbox 1923 2388 1994 2432; x_wconf 92' lang='lat' dir='ltr'>est,</span> 
     </span>
     <span class='ocr_line' id='line_1_103' title="bbox 1059 2441 1994 2493; baseline -0.009 -9"><span class='ocrx_word' id='word_1_566' title='bbox 1059 2450 1099 2484; x_wconf 88' lang='lat' dir='ltr'>et</span> <span class='ocrx_word' id='word_1_567' title='bbox 1117 2446 1271 2483; x_wconf 86' lang='lat' dir='ltr'>litteras</span> <span class='ocrx_word' id='word_1_568' title='bbox 1290 2444 1555 2493; x_wconf 88' lang='lat' dir='ltr'>episcoporum</span> <span class='ocrx_word' id='word_1_569' title='bbox 1586 2451 1761 2486; x_wconf 89' lang='lat' dir='ltr'>suorum,</span> <span class='ocrx_word' id='word_1_570' title='bbox 1781 2441 1994 2478; x_wconf 80' lang='lat' dir='ltr'>observan-</span> 
     </span>
     <span class='ocr_line' id='line_1_104' title="bbox 1058 2493 1994 2547; baseline -0.007 -10"><span class='ocrx_word' id='word_1_571' title='bbox 1058 2501 1137 2537; x_wconf 86' lang='lat' dir='ltr'>tiae</span> <span class='ocrx_word' id='word_1_572' title='bbox 1158 2510 1252 2547; x_wconf 83' lang='lat' dir='ltr'>erga</span> <span class='ocrx_word' id='word_1_573' title='bbox 1271 2499 1320 2535; x_wconf 84' lang='lat' dir='ltr'>R.</span> <span class='ocrx_word' id='word_1_574' title='bbox 1344 2495 1573 2534; x_wconf 90' lang='lat' dir='ltr'>Pontificem</span> <span class='ocrx_word' id='word_1_575' title='bbox 1593 2493 1835 2544; x_wconf 88' lang='lat' dir='ltr'>plenissimas</span> <span class='ocrx_word' id='word_1_576' title='bbox 1851 2523 1860 2539; x_wconf 92' lang='lat'>,</span> <span class='ocrx_word' id='word_1_577' title='bbox 1879 2493 1994 2531; x_wconf 84' lang='lat' dir='ltr'>exhi-</span> 
     </span>
     <span class='ocr_line' id='line_1_105' title="bbox 1058 2547 1993 2600; baseline -0.009 -10"><span class='ocrx_word' id='word_1_578' title='bbox 1058 2553 1154 2590; x_wconf 88' lang='lat' dir='ltr'>buit.</span> <span class='ocrx_word' id='word_1_579' title='bbox 1176 2553 1425 2600; x_wconf 86' lang='lat' dir='ltr'>Quapropter</span> <span class='ocrx_word' id='word_1_580' title='bbox 1456 2548 1580 2585; x_wconf 89' lang='lat' dir='ltr'>Iulius</span> <span class='ocrx_word' id='word_1_581' title='bbox 1614 2559 1701 2583; x_wconf 88' lang='lat' dir='ltr'>eum</span> <span class='ocrx_word' id='word_1_582' title='bbox 1729 2547 1993 2595; x_wconf 85' lang='lat' dir='ltr'>patriarcham</span> 
     </span>
     <span class='ocr_line' id='line_1_106' title="bbox 1060 2600 1996 2653; baseline -0.007 -9"><span class='ocrx_word' id='word_1_583' title='bbox 1060 2606 1243 2651; x_wconf 87' lang='lat' dir='ltr'>sacravit,</span> <span class='ocrx_word' id='word_1_584' title='bbox 1263 2604 1379 2653; x_wconf 85' lang='lat' dir='ltr'>pallio</span> <span class='ocrx_word' id='word_1_585' title='bbox 1400 2601 1608 2639; x_wconf 87' lang='lat' dir='ltr'>honoravit</span> <span class='ocrx_word' id='word_1_586' title='bbox 1622 2603 1661 2637; x_wconf 86' lang='lat' dir='ltr'>et</span> <span class='ocrx_word' id='word_1_587' title='bbox 1677 2611 1763 2636; x_wconf 90' lang='lat' dir='ltr'>cum</span> <span class='ocrx_word' id='word_1_588' title='bbox 1781 2600 1889 2637; x_wconf 88' lang='lat' dir='ltr'>novis</span> <span class='ocrx_word' id='word_1_589' title='bbox 1909 2601 1996 2637; x_wconf 89' lang='lat' dir='ltr'>mis·</span> 
     </span>
     <span class='ocr_line' id='line_1_107' title="bbox 1059 2652 1995 2706; baseline -0.007 -9"><span class='ocrx_word' id='word_1_590' title='bbox 1059 2658 1238 2698; x_wconf 86' lang='lat' dir='ltr'>sionariis</span> <span class='ocrx_word' id='word_1_591' title='bbox 1257 2658 1304 2695; x_wconf 92' lang='lat' dir='ltr'>ad</span> <span class='ocrx_word' id='word_1_592' title='bbox 1321 2655 1611 2706; x_wconf 82' lang='lat' dir='ltr'>propagandam</span> <span class='ocrx_word' id='word_1_593' title='bbox 1625 2652 1664 2689; x_wconf 83' lang='lat' dir='ltr'>in</span> <span class='ocrx_word' id='word_1_594' title='bbox 1681 2652 1840 2690; x_wconf 89' lang='lat' dir='ltr'>Oriente</span> <span class='ocrx_word' id='word_1_595' title='bbox 1859 2652 1995 2690; x_wconf 87' lang='lat' dir='ltr'>Fidem</span> 
     </span>
     <span class='ocr_line' id='line_1_108' title="bbox 1060 2705 1994 2761; baseline -0.009 -11"><span class='ocrx_word' id='word_1_596' title='bbox 1060 2714 1098 2750; x_wconf 90' lang='lat' dir='ltr'>in</span> <span class='ocrx_word' id='word_1_597' title='bbox 1120 2711 1324 2761; x_wconf 78' lang='lat' dir='ltr'>Assyriam</span> <span class='ocrx_word' id='word_1_598' title='bbox 1357 2708 1519 2747; x_wconf 89' lang='lat' dir='ltr'>remisit.</span> <span class='ocrx_word' id='word_1_599' title='bbox 1540 2709 1612 2745; x_wconf 92' lang='lat' dir='ltr'>An.</span> <span class='ocrx_word' id='word_1_600' title='bbox 1638 2705 1737 2743; x_wconf 76' lang='lat'>1562</span> <span class='ocrx_word' id='word_1_601' title='bbox 1771 2707 1994 2743; x_wconf 88' lang='lat' dir='ltr'>eorumdem</span> 
     </span>
     <span class='ocr_line' id='line_1_109' title="bbox 1060 2759 1995 2815; baseline -0.007 -12"><span class='ocrx_word' id='word_1_602' title='bbox 1060 2766 1287 2815; x_wconf 88' lang='lat' dir='ltr'>populorum</span> <span class='ocrx_word' id='word_1_603' title='bbox 1310 2762 1528 2812; x_wconf 86' lang='lat' dir='ltr'>patriarcha</span> <span class='ocrx_word' id='word_1_604' title='bbox 1549 2759 1726 2797; x_wconf 83' lang='lat' dir='ltr'>Abd—Isu</span> <span class='ocrx_word' id='word_1_605' title='bbox 1747 2759 1910 2797; x_wconf 84' lang='lat' dir='ltr'>Romam</span> <span class='ocrx_word' id='word_1_606' title='bbox 1931 2772 1995 2797; x_wconf 87' lang='lat' dir='ltr'>ve-</span> 
     </span>
     <span class='ocr_line' id='line_1_110' title="bbox 1061 2811 1993 2864; baseline -0.009 -7"><span class='ocrx_word' id='word_1_607' title='bbox 1061 2820 1117 2856; x_wconf 89' lang='lat' dir='ltr'>nit</span> <span class='ocrx_word' id='word_1_608' title='bbox 1137 2819 1208 2856; x_wconf 91' lang='lat' dir='ltr'>sub</span> <span class='ocrx_word' id='word_1_609' title='bbox 1230 2817 1300 2854; x_wconf 88' lang='lat' dir='ltr'>Pio</span> <span class='ocrx_word' id='word_1_610' title='bbox 1322 2817 1391 2864; x_wconf 88' lang='lat' dir='ltr'>Pp.</span> <span class='ocrx_word' id='word_1_611' title='bbox 1412 2814 1479 2858; x_wconf 85' lang='lat' dir='ltr'>IV,</span> <span class='ocrx_word' id='word_1_612' title='bbox 1502 2816 1543 2850; x_wconf 91' lang='lat' dir='ltr'>ut</span> <span class='ocrx_word' id='word_1_613' title='bbox 1564 2811 1766 2849; x_wconf 84' lang='lat' dir='ltr'>electionis</span> <span class='ocrx_word' id='word_1_614' title='bbox 1786 2824 1879 2850; x_wconf 88' lang='lat' dir='ltr'>suae</span> <span class='ocrx_word' id='word_1_615' title='bbox 1900 2825 1993 2850; x_wconf 90' lang='lat' dir='ltr'>con—</span> 
     </span>
     <span class='ocr_line' id='line_1_111' title="bbox 1059 2864 1997 2915; baseline -0.007 -6"><span class='ocrx_word' id='word_1_616' title='bbox 1059 2872 1318 2909; x_wconf 89' lang='lat' dir='ltr'>firmationem</span> <span class='ocrx_word' id='word_1_617' title='bbox 1341 2871 1379 2906; x_wconf 89' lang='lat' dir='ltr'>et</span> <span class='ocrx_word' id='word_1_618' title='bbox 1398 2867 1557 2915; x_wconf 87' lang='lat' dir='ltr'>pallium</span> <span class='ocrx_word' id='word_1_619' title='bbox 1575 2877 1598 2902; x_wconf 89' lang='lat' dir='ltr'>a</span> <span class='ocrx_word' id='word_1_620' title='bbox 1614 2864 1802 2902; x_wconf 88' lang='lat' dir='ltr'>Pontifice</span> <span class='ocrx_word' id='word_1_621' title='bbox 1817 2866 1997 2915; x_wconf 89' lang='lat' dir='ltr'>impetra-</span> 
     </span>
     <span class='ocr_line' id='line_1_112' title="bbox 1060 2918 1996 2974; baseline -0.009 -11"><span class='ocrx_word' id='word_1_622' title='bbox 1060 2929 1130 2973; x_wconf 74' lang='lat' dir='ltr'>ret3</span> <span class='ocrx_word' id='word_1_623' title='bbox 1150 2936 1226 2974; x_wconf 89' lang='lat' dir='ltr'>qua</span> <span class='ocrx_word' id='word_1_624' title='bbox 1247 2922 1446 2961; x_wconf 89' lang='lat' dir='ltr'>occasione</span> <span class='ocrx_word' id='word_1_625' title='bbox 1466 2922 1552 2957; x_wconf 88' lang='lat' dir='ltr'>tum</span> <span class='ocrx_word' id='word_1_626' title='bbox 1567 2918 1626 2956; x_wconf 88' lang='lat' dir='ltr'>sui</span> <span class='ocrx_word' id='word_1_627' title='bbox 1641 2922 1725 2955; x_wconf 89' lang='lat' dir='ltr'>tum</span> <span class='ocrx_word' id='word_1_628' title='bbox 1744 2919 1835 2956; x_wconf 89' lang='lat' dir='ltr'>cleri</span> <span class='ocrx_word' id='word_1_629' title='bbox 1855 2919 1913 2957; x_wconf 87' lang='lat' dir='ltr'>sui</span> <span class='ocrx_word' id='word_1_630' title='bbox 1935 2931 1996 2956; x_wconf 90' lang='lat' dir='ltr'>no-</span> 
     </span>
    </p>
   </div>
   <div class='ocr_carea' id='block_1_12' title="bbox 1055 3053 1994 3235">
    <p class='ocr_par' dir='ltr' id='par_1_17' title="bbox 1055 3053 1994 3235">
     <span class='ocr_line' id='line_1_113' title="bbox 1103 3053 1994 3108; baseline -0.008 -6"><span class='ocrx_word' id='word_1_631' title='bbox 1103 3072 1110 3093; x_wconf 93' lang='lat'><em>¹</em></span> <span class='ocrx_word' id='word_1_632' title='bbox 1134 3072 1273 3108; x_wconf 69' lang='lat' dir='ltr'>Thriner,</span> <span class='ocrx_word' id='word_1_633' title='bbox 1294 3067 1496 3102; x_wconf 58' lang='lat' dir='ltr'>vicissitucles</span> <span class='ocrx_word' id='word_1_634' title='bbox 1519 3067 1556 3098; x_wconf 76' lang='lat' dir='ltr'>cle</span> <span class='ocrx_word' id='word_1_635' title='bbox 1579 3053 1709 3107; x_wconf 66' lang='lat' dir='ltr'>l’E&#39;ylise</span> <span class='ocrx_word' id='word_1_636' title='bbox 1737 3066 1920 3106; x_wconf 65' lang='lat' dir='ltr'>camelique</span> <span class='ocrx_word' id='word_1_637' title='bbox 1943 3065 1994 3096; x_wconf 72' lang='lat' dir='ltr'>cles</span> 
     </span>
     <span class='ocr_line' id='line_1_114' title="bbox 1055 3106 1991 3169; baseline -0.004 -26"><span class='ocrx_word' id='word_1_638' title='bbox 1055 3113 1148 3160; x_wconf 37' lang='lat' dir='ltr'>deux.</span> <span class='ocrx_word' id='word_1_639' title='bbox 1163 3112 1241 3169; x_wconf 62' lang='lat' dir='ltr'>ritgs</span> <span class='ocrx_word' id='word_1_640' title='bbox 1263 3121 1303 3142; x_wconf 83' lang='lat' dir='ltr'>en</span> <span class='ocrx_word' id='word_1_641' title='bbox 1320 3111 1458 3150; x_wconf 65' lang='lat' dir='ltr'>poloque</span> <span class='ocrx_word' id='word_1_642' title='bbox 1480 3112 1511 3141; x_wconf 82' lang='lat' dir='ltr'>ec</span> <span class='ocrx_word' id='word_1_643' title='bbox 1532 3118 1571 3141; x_wconf 81' lang='lat' dir='ltr'>en</span> <span class='ocrx_word' id='word_1_644' title='bbox 1593 3109 1718 3148; x_wconf 78' lang='lat' dir='ltr'>Ilussie,</span> <span class='ocrx_word' id='word_1_645' title='bbox 1742 3109 1827 3140; x_wconf 76' lang='lat' dir='ltr'>Paris</span> <span class='ocrx_word' id='word_1_646' title='bbox 1859 3106 1952 3146; x_wconf 71' lang='lat'>1843,</span> <span class='ocrx_word' id='word_1_647' title='bbox 1972 3106 1991 3138; x_wconf 69' lang='lat'>⁰2</span> 
     </span>
     <span class='ocr_line' id='line_1_115' title="bbox 1056 3154 1316 3235; baseline -0.008 -8"><span class='ocrx_word' id='word_1_648' title='bbox 1056 3154 1233 3235; x_wconf 27' lang='lat' dir='ltr'>xOAELVI&#39;tllsspi</span> <span class='ocrx_word' id='word_1_649' title='bbox 1250 3192 1316 3225; x_wconf 70' lang='lat'>123.</span> 
     </span>
    </p>
   </div>
  </div>
 </body>
</html>
