2241 3473
586 140 713 174 stvn
742 141 794 169 AD
825 140 975 169 OBITVM
1002 140 1032 169 S.
1062 139 1228 168 IOANNIS
1256 137 1451 168 APOSTOLI

53 208 333 260 rosolymitano
361 211 620 255 successerat,
648 220 697 246 ex
731 208 826 245 urbe
847 208 997 256 migra-

54 267 160 310 runt,
204 263 394 311 sedesque
433 273 524 300 suas
559 262 598 299 in
635 261 819 311 oppidum
849 261 998 298 Pellam

54 321 164 356 trans
184 315 389 354 Iordanem
408 315 711 353 transtulerunt.

108 370 185 408 Ubi
205 369 317 407 Titus
336 369 472 406 urbem
492 368 725 406 obsidionem
742 365 999 412 cinxit,brevi

55 425 169 462 tanta
198 433 375 461 annonae
405 421 535 472 inopia
563 420 702 458 civitas
729 419 937 465 laboravit,
958 421 1001 457 ut

56 477 178 515 etiam
206 480 355 514 matres
386 475 570 513 natorum
590 485 750 511 suorum
771 484 907 510 carnes
928 484 996 509 co-

57 530 269 568 mederent.
291 529 554 567 Accesserant
572 526 801 565 saevissima
822 525 1000 574 pestilen-

55 582 124 628 tia,
144 581 282 621 feralia
302 581 522 620 incolarum
541 580 579 617 in
599 591 639 617 se
659 579 762 628 ipsos
782 579 882 623 odia,
903 578 1000 616 sedi-

56 636 184 674 tiones
204 638 245 674 et
274 635 425 680 caedes,
455 634 548 671 adeo
581 634 623 670 ut
652 633 780 681 ipsum
808 631 997 680 templum

59 689 249 739 sanguine
268 690 308 726 et
337 685 624 726 abominatione
653 685 883 734 repleretur.
901 685 1002 722 Tan-

59 743 146 781 dem
174 742 303 788 Titus,
332 739 496 778 obsessis
525 739 572 776 ad
599 738 834 776 deditionem
854 737 1001 775 frustra

60 795 249 841 invitatis,
279 794 412 832 urbem
453 792 491 829 vi
529 792 629 841 cepit
665 791 1000 841 expugnavitque3

59 849 199 887 iniecto
220 860 243 885 a
261 847 384 885 milite
412 845 501 894 igne
522 844 711 894 templum
729 844 1001 893 conflagravit,

58 904 216 950 totaque
235 899 374 937 civitas
393 898 525 936 diruta
547 910 591 936 ac
611 898 739 936 deleta
758 897 834 936 fuit
851 896 876 935 ¹.

109 953 175 992 Sic
192 951 495 991 obstinatissima
510 951 630 998 natio,
649 963 749 1000 quac
758 963 880 989 suave
896 949 1001 989 Chri-

58 1006 109 1045 sti
137 1006 274 1056 iugum
303 1005 498 1054 suscipere
525 1006 840 1050 detrectaverat,
877 1004 1001 1052 primo

59 1061 326 1098 Romanorum
335 1059 587 1107 tyrannidem
602 1058 732 1104 subiit,
750 1058 889 1095 deinde
901 1068 1001 1105 quae

58 1113 225 1152 Messiae
252 1112 486 1161 sanguinem
506 1111 676 1157 fuderat,
697 1113 737 1149 et
755 1110 1000 1148 inclamarat:

59 1166 242 1214 Samnis
261 1167 350 1203 eius
368 1176 493 1215 super
512 1176 586 1202 nos
601 1170 641 1202 et
658 1176 780 1213 super
794 1165 904 1214 filios
924 1175 1001 1200 no-

58 1224 163 1257 stros
177 1217 206 1265 ²,
235 1218 390 1268 proprio
418 1218 607 1267 sanguine
635 1229 764 1256 mersa
792 1217 878 1255 fuit.
899 1216 1000 1254 Nam

58 1271 147 1322 plus
166 1283 283 1320 quam
304 1271 487 1309 undecies
507 1274 672 1309 centena
692 1270 812 1308 millia
832 1270 1000 1308 Iudaeo-

58 1336 147 1363 rum
176 1326 249 1363 hac
277 1324 479 1362 obsidione
509 1327 549 1362 et
568 1324 861 1374 expugnatione
876 1322 1001 1372 perie-

59 1380 165 1425 runt3
173 1378 312 1427 quibus
326 1378 359 1416 si
372 1378 569 1416 addantur
578 1378 618 1423 ii,
627 1389 723 1426 quos
732 1377 1003 1415 bellumantea

58 1432 345 1481 absumpserat,
374 1443 526 1469 summa
555 1431 761 1469 conficitur
782 1429 1001 1476 1,337‚490.

59 1485 275 1523 Praeterea
298 1485 347 1522 ad
367 1484 511 1530 97‚000
530 1485 570 1522 in
591 1484 861 1534 captivitatem
880 1483 1003 1521 abdu-

61 1538 131 1584 cti,
151 1548 220 1588 pro
245 1537 448 1587 mancipiis
464 1537 610 1576 venditi
630 1540 670 1576 et
687 1547 1004 1587 quaquaversum

61 1591 224 1641 dispersi
243 1593 337 1629 sunt
355 1589 382 1629 ³.

112 1645 241 1686 Quum
258 1644 428 1693 primum
447 1644 601 1682 Iudaeis
620 1644 755 1682 datum
775 1642 861 1687 fuit,
879 1642 927 1680 ad
945 1643 1006 1680 de-

60 1699 252 1736 structam
273 1697 410 1735 urbem
430 1697 600 1746 regressi
615 1699 718 1736 sunt.
739 1695 952 1735 Christiani
971 1707 1006 1732 e-

61 1751 158 1788 tiam
189 1761 280 1788 cum
299 1750 477 1800 episcopo
497 1762 566 1788 suo
586 1762 615 1788 s.
632 1750 813 1788 Simeone
833 1749 926 1786 illuc
942 1760 1004 1786 re-

62 1803 227 1850 dierunt3
243 1807 294 1849 et,
309 1803 389 1841 Deo
405 1803 577 1849 favente,
591 1805 731 1841 horum
748 1814 938 1840 numerus
954 1814 1004 1840 ex

62 1856 222 1895 illorum
241 1856 496 1894 conversione
517 1868 752 1906 magnopere
773 1858 912 1893 auctus
932 1858 1002 1893 est.

113 1909 388 1949 5LHaereses
411 1910 550 1948 Θησεῖ.
571 1915 610 1949 et
630 1908 1003 1948 Imma—Eccle-

61 1962 120 2001 sia
138 1965 294 2012 praeter
312 1962 413 2001 bella
433 1967 601 2002 externa
615 1975 683 2001 seu
700 1961 1004 2011 persecutiones,

62 2016 181 2054 etiam
200 2016 366 2062 interna,
386 2028 525 2065 nempe
545 2017 727 2054 haereses
747 2017 786 2052 et
807 2015 1000 2052 schisma-
1024 2025 1027 2076 Ι

61 2071 118 2115 ta,
136 2081 160 2107 a
175 2069 395 2119 primordiis
414 2070 495 2107 suis
503 2072 543 2107 et
557 2069 739 2118 deinceps
751 2070 916 2117 experta
932 2069 1004 2112 est3

62 2122 132 2160 sed
151 2122 480 2171 quemadmodum
501 2135 551 2160 ex
571 2123 648 2160 illis
667 2123 723 2160 ita
742 2122 861 2159 etiam
883 2133 933 2158 ex
944 2121 1004 2158 his

63 2175 210 2213 victrix
238 2176 377 2214 evasit.
398 2176 626 2214 Primarum
645 2176 855 2213 haeresum
875 2177 1006 2211 aucto-

62 2239 127 2266 res
141 2227 301 2270 fuerunt
315 2229 416 2266 male
433 2230 611 2267 conversi
629 2228 772 2266 ethnici
787 2228 849 2265 vel
864 2227 1006 2274 iudaei,

64 2281 129 2330 qui
149 2282 387 2320 christianae
406 2283 604 2332 religionis
633 2283 819 2331 dogmata
840 2280 1005 2318 coniun-

65 2345 159 2384 gere
179 2334 354 2373 volentes
373 2347 461 2373 cum
489 2335 680 2385 religiosis
708 2334 876 2383 placitis,
905 2346 1006 2382 quae

65 2390 181 2425 antea
197 2388 497 2437 profitebantur,
524 2389 564 2426 in
584 2393 718 2437 turpes
737 2399 888 2425 errores
908 2385 1007 2435 lapsi
1026 2401 1030 2448 ι

67 2442 172 2478 sunt.
191 2441 348 2479 Priores
378 2442 668 2487 Gnosticorum,
695 2441 930 2489 posteriores
949 2441 1009 2477 Iu-

67 2493 303 2531 daizantium
323 2495 437 2533 sectis
456 2495 611 2532 initium
631 2495 834 2532 dederunt.

120 2546 390 2586 Gnosticorum
424 2548 578 2586 nomine
609 2547 796 2597 appellati
816 2548 921 2593 sunt,
942 2545 1008 2595 qui

65 2614 184 2648 γιωσιν
210 2612 278 2638 seu
306 2613 439 2639 veram
460 2601 530 2639 Dei
555 2612 764 2649 rerumque
786 2600 1008 2637 divinarum

66 2653 264 2692 scientiam
281 2665 322 2691 se
338 2655 480 2692 habere
499 2655 710 2692 iactabant.
722 2652 1008 2690 Gnosticismus

68 2707 272 2744 derivatur
296 2719 320 2745 a
341 2707 492 2755 placitis
512 2705 1008 2756 religioso-philosophicis,

67 2759 146 2798 iam
183 2761 275 2798 ante
317 2760 515 2798 Christum
544 2764 681 2798 natum
710 2772 779 2808 per
807 2759 1009 2796 Orientem

68 2812 303 2862 propagatis.
338 2813 570 2851 Theoretica
605 2813 711 2850 illius
741 2812 918 2850 doctrina
946 2823 1011 2860 po-

68 2866 263 2904 tissimum
291 2867 493 2914 spectabat
521 2866 710 2915 originem
739 2866 831 2903 mali
862 2864 1011 2914 physici

70 2921 110 2956 et
128 2919 286 2957 moralis
306 2919 345 2956 in
377 2919 448 2956 hoc
465 2920 621 2956 mundo.
643 2918 817 2956 Gnostici
838 2918 910 2956 sibi
931 2929 1013 2966 per-

71 2972 233 3010 suadere
253 2984 329 3009 non
349 2974 540 3021 poterant,
561 2972 785 3017 materiam,
807 2983 923 3020 quam
944 2983 1012 3008 ceu

71 3023 220 3062 fontem
256 3027 381 3063 omnis
415 3025 506 3062 mali
537 3024 847 3070 considerabant,
875 3036 898 3062 a
934 3025 1014 3061 Deo

72 3076 356 3126 perfectissimo
386 3091 431 3116 ac
458 3077 736 3127 benignissimo
762 3077 882 3115 fuisse
903 3089 1015 3115 crea-

113 3168 125 3189 ¹
141 3168 185 3200 Fl.
199 3170 331 3210 loseph„
350 3169 406 3211 Op.
417 3170 468 3202 cit.
485 3171 505 3202 l.
520 3169 700 3202 Π-ΥΙΙ.-2
715 3171 818 3203 matth.
834 3172 950 3211 xxvn,
966 3170 1015 3202 ⁵25.

119 3209 134 3231 ³
148 3210 192 3242 Fl.
208 3211 340 3252 loseph„
355 3212 413 3244 loc.
429 3213 479 3244 cit.

1880 124 1932 167 25

1040 210 1134 245 tam.
1165 207 1265 245 Hinc
1293 219 1393 253 eam,
1422 207 1581 257 practer
1600 205 1738 251 Deum,
1757 205 1805 243 ab
1824 207 1985 242 aeterno

1041 261 1236 307 extitisse,
1264 262 1305 298 et
1333 262 1469 310 postea
1497 271 1547 298 ex
1577 260 1713 298 eadem
1742 270 1765 296 a
1783 257 1985 307 spiritibus

1041 314 1271 361 quibusdam
1293 314 1395 351 hunc
1415 313 1604 352 mundum
1625 311 1834 355 visibilem,
1849 310 1986 360 imper-

1040 366 1267 404 fectionibus
1293 367 1484 416 malisque
1510 366 1679 416 plenum,
1705 376 1784 402 una
1811 375 1900 402 cum
1921 364 1985 400 ho-

1041 420 1211 458 minibus
1239 420 1438 457 conditum
1466 420 1584 458 fuisse
1614 418 1855 457 statuebant.
1876 416 1984 454 Iudi-

1042 475 1187 519 cantes,
1217 484 1342 520 neque
1370 472 1504 510 mundi
1526 472 1658 510 vitiosi
1678 470 1985 509 efformationem

1041 525 1240 574 spiritibus
1268 525 1462 574 perfectis,
1483 538 1608 574 neque
1627 525 1834 574 spirituum
1851 523 1988 571 imper-

1042 578 1231 616 fectorum
1252 579 1562 627 procreationem
1580 579 1660 616 Deo
1681 577 1903 622 convenire,
1925 575 1986 613 ef-

1042 631 1243 669 finxerunt
1263 631 1402 669 seriem
1416 631 1626 680 spirituum
1635 631 1878 676 coelestium,
1890 640 1987 678 quos

1042 697 1184 723 aeones
1212 685 1417 731 vocabant,
1439 696 1605 732 quorum
1625 684 1774 733 priores
1793 682 1988 720 immedia-

1042 740 1081 775 te
1102 750 1125 776 a
1145 739 1226 775 Deo
1246 737 1454 787 procreati,
1474 737 1588 786 longe
1609 740 1721 774 crant
1741 735 1990 786 praestantis-

1042 791 1152 837 simi;
1172 803 1222 829 ex
1252 802 1404 836 eorum,
1425 793 1560 839 utpote
1580 790 1722 828 diversi
1744 801 1876 835 sexus,
1892 800 1987 826 con-

1043 845 1175 882 cubitu
1209 844 1290 890 alii,
1315 845 1384 882 sed
1412 843 1731 892 imperfectiores,
1752 843 1990 892 prodierant.

1042 897 1168 936 Simili
1196 899 1310 935 modo
1340 898 1471 947 plures
1505 908 1674 934 aeonum
1703 896 1991 945 generationes,

1042 951 1275 1000 posteriores
1304 951 1500 1000 prioribus
1521 961 1675 998 semper
1695 949 1928 994 deteriores,
1949 960 1994 985 e-

1043 1006 1158 1042 natae
1195 1004 1366 1042 fuerant.
1396 1003 1584 1042 Omnibus
1616 1002 1702 1040 istis
1736 1003 1922 1040 aeonibus
1950 1001 1991 1038 in

1043 1057 1229 1095 immenso
1259 1058 1361 1096 aeris
1390 1056 1516 1106 spatio
1536 1057 1647 1094 sedes
1667 1055 1930 1104 assignabant3
1952 1058 1991 1092 et

1042 1112 1090 1148 ab
1112 1123 1187 1148 uno
1208 1114 1278 1149 aut
1295 1111 1472 1160 pluribus
1493 1121 1544 1148 ex
1566 1108 1785 1158 postremis,
1806 1120 1903 1157 quos
1923 1108 1994 1145 de-

1043 1165 1093 1202 mi
1101 1176 1217 1214 urgos
1227 1165 1550 1209 nominabant,ex
1558 1162 1724 1200 materia
1733 1162 1875 1200 vitiosa
1885 1173 1997 1198 mun-

1043 1219 1138 1255 dum
1172 1218 1365 1256 visibilem
1401 1217 1598 1254 conditum
1626 1215 1766 1262 fuisse,
1794 1215 1990 1252 dicebant.

1045 1271 1280 1320 Demiurgus
1309 1282 1462 1320 quoque
1482 1270 1697 1308 secundum
1717 1268 1993 1306 Gnosticorum

1047 1325 1190 1374 placita
1209 1325 1438 1362 condiderat
1457 1323 1645 1368 homines,
1671 1334 1831 1371 corpore
1852 1334 1902 1359 ex
1921 1333 1992 1358 ea-

1047 1379 1133 1416 dem
1148 1378 1316 1416 materia
1336 1377 1478 1415 vitiosa
1497 1376 1717 1422 efformato,
1737 1378 1776 1413 et
1795 1374 1928 1412 anima
1940 1374 1994 1410 vi-

1047 1431 1162 1469 vifica
1190 1434 1230 1469 et
1249 1430 1439 1469 sensitiva
1453 1430 1680 1476 instructos,
1700 1429 1836 1478 quibus
1856 1440 1877 1466 e
1897 1428 1992 1466 sub-

1047 1484 1203 1523 stantiis
1231 1484 1466 1522 coelestibus
1487 1483 1616 1521 anima
1635 1482 1840 1520 rationalis
1859 1481 1994 1519 addita

1047 1538 1189 1576 fuerat.
1219 1538 1314 1576 Inde
1343 1549 1474 1587 pugna
1501 1537 1542 1574 in
1561 1536 1732 1582 homine,
1752 1547 1840 1573 cum
1862 1535 1994 1572 anima

1047 1591 1264 1638 rationalis,
1293 1591 1453 1629 coelesti
1483 1602 1555 1628 sua
1583 1589 1733 1639 origine
1752 1588 1920 1638 cognita,
1944 1588 1993 1625 ad

1047 1647 1171 1683 Deum
1201 1644 1326 1682 omnis
1345 1643 1436 1681 boni
1456 1643 1605 1681 fontem
1625 1643 1754 1681 redire
1775 1644 1950 1687 conetur,
1970 1653 1994 1679 a

1047 1698 1301 1737 sensualitate
1311 1709 1402 1735 vero
1414 1697 1640 1736 retrahatur
1651 1696 1742 1734 etin
1755 1695 1994 1745 profundum

1049 1763 1225 1790 errorum
1237 1764 1281 1789 ac
1292 1751 1477 1789 vitiorum
1492 1751 1756 1799 demergatur.
1772 1749 1998 1795 Addebant,

1048 1806 1172 1843 Deum
1192 1804 1393 1842 hominum
1413 1803 1642 1842 conditionis
1660 1803 1880 1847 misertum,
1900 1802 1994 1839 sub-

1046 1859 1135 1896 inde
1154 1858 1260 1896 viros
1280 1858 1489 1903 excitasse,
1506 1857 1571 1906 qui
1591 1869 1656 1894 eos
1676 1856 1781 1894 viam
1802 1856 1850 1892 ad
1870 1855 1996 1892 Deum

1046 1911 1296 1961 perveniendi
1322 1912 1519 1957 docerent3
1540 1909 1790 1959 demiurgum
1809 1919 1902 1945 vero
1923 1908 1996 1945 Dei

1047 1965 1206 2014 eiusque
1234 1965 1454 2014 legatorum
1483 1963 1685 2001 conatibus
1705 1973 1858 2011 semper
1878 1961 1996 1999 resti-

1047 2019 1153 2064 tisse,
1183 2020 1224 2055 et
1250 2029 1367 2055 suum
1387 2018 1425 2054 in
1446 2017 1624 2054 homines
1641 2015 1850 2064 imperium
1870 2012 1994 2052 variis

1045 2072 1195 2121 legibus
1215 2074 1256 2108 et
1274 2071 1465 2108 institutis
1484 2070 1644 2107 firmare
1664 2068 1877 2114 studuisse3
1897 2070 2002 2105 atta-

1048 2137 1137 2162 men
1157 2124 1349 2173 demiurgi
1369 2123 1580 2172 imperium
1600 2122 1808 2171 aliquando
1838 2122 1998 2159 destru-

1047 2181 1154 2216 ctum
1181 2178 1229 2216 iri
1258 2189 1326 2227 per
1345 2189 1508 2215 aeonem
1528 2177 1736 2226 quemdam
1756 2177 1993 2224 praepoten-

1046 2234 1140 2276 tem,
1160 2243 1230 2270 suo
1248 2233 1424 2280 tempore
1445 2231 1494 2268 ad
1513 2229 1690 2268 homines
1711 2229 1957 2266 mittendum.

1101 2285 1198 2323 Cum
1218 2288 1348 2322 autem
1367 2283 1557 2330 Christus,
1571 2282 1707 2321 multis
1727 2281 1928 2320 miraculis
1948 2294 1995 2319 a·-

1047 2339 1188 2387 liisque
1209 2338 1452 2387 argumentis
1473 2350 1514 2375 se
1529 2337 1736 2374 hominum
1750 2336 1996 2373 Salvatorem

1048 2391 1292 2437 ostendisset,
1323 2395 1363 2428 et
1382 2390 1589 2428 daemonia
1609 2401 1658 2428 ex
1678 2389 1896 2427 hominibus
1915 2389 1996 2425 eie-

1048 2447 1174 2492 cisset,
1186 2445 1316 2494 plures
1329 2457 1349 2482 e
1361 2444 1547 2494 gnosticis
1563 2456 1650 2481 eum
1663 2455 1732 2480 ceu
1745 2453 1915 2488 aeonem,
1930 2453 2000 2489 per

1049 2511 1165 2548 quem
1195 2499 1386 2547 demiurgi
1416 2497 1621 2546 imperium
1641 2495 1918 2534 destruendum
1940 2507 1996 2532 es-

1049 2554 1122 2597 set,
1150 2552 1388 2596 habuerunt,
1408 2555 1447 2588 et
1466 2553 1644 2599 suscepto
1663 2549 1854 2598 baptismo
1875 2548 1910 2585 ei
1931 2560 1996 2585 no-

1049 2618 1138 2643 men
1168 2605 1378 2650 dederunt;
1407 2605 1473 2642 sed
1493 2616 1580 2641 cum
1609 2602 1779 2640 nonnulli
1799 2600 1997 2650 principiis

1050 2659 1131 2696 suis
1152 2658 1337 2707 gnosticis
1357 2657 1536 2695 tenacius
1555 2657 1821 2701 inhaerentes,
1842 2666 1888 2692 ea
1908 2666 1996 2692 cum

1052 2713 1229 2750 doctrina
1257 2711 1470 2749 christiana
1489 2710 1695 2748 conciliare
1715 2708 1875 2754 vellent,
1894 2709 1994 2745 hanc

1050 2765 1219 2813 turpiter
1246 2768 1536 2813 perverterunt,
1565 2766 1604 2800 et
1624 2766 1708 2799 tum
1727 2761 1810 2807 hoc,
1829 2764 1914 2798 tum
1935 2773 1995 2799 se-

1051 2818 1260 2867 quentibus
1287 2817 1428 2855 seculis
1456 2818 1651 2861 haereses,
1678 2815 1786 2864 turpi
1813 2814 1999 2863 composi-

1050 2873 1157 2909 tione
1182 2873 1459 2916 monstruosas,
1481 2869 1735 2918 protulerunt.
1756 2869 1837 2906 Eae
1856 2868 1998 2905 haere·

1052 2937 1125 2969 ses,
1152 2925 1331 2972 quamvis
1352 2936 1420 2972 pro
1440 2923 1595 2960 diverso
1616 2925 1822 2959 auctorum
1842 2920 1997 2970 ingenio

1053 2978 1117 3016 vel
1138 2977 1341 3026 phantasia
1361 2979 1489 3014 essent
1508 2976 1697 3021 diversae,
1714 2978 1861 3021 tamen,
1883 2987 1998 3023 prop-

1053 3035 1114 3068 ter
1135 3030 1354 3067 communia
1374 3030 1552 3067 omnibus
1568 3029 1767 3078 principia,
1782 3028 1820 3065 in
1838 3027 1998 3066 nonnul·

1055 3085 1103 3121 lis
1136 3084 1249 3120 rebus
1274 3094 1408 3120 omnes
1441 3082 1739 3120 conveniebant.
1772 3082 1837 3119 Sic
1869 3092 2001 3118 omnes

1057 3136 1254 3175 Christum
1288 3147 1370 3173 esse
1397 3147 1534 3173 verum
1563 3137 1686 3173 Deum
1718 3135 1925 3183 negabant,
1946 3134 1999 3171 di-

1059 3192 1189 3228 centes
1210 3201 1299 3227 eum
1319 3201 1402 3227 esse
1423 3201 1585 3242 aeonem
1605 3188 1997 3239 praestantissimum,
