<?xml version="1.0" encoding="UTF-8"?>
<!DOCTYPE html PUBLIC "-//W3C//DTD XHTML 1.0 Transitional//EN"
    "http://www.w3.org/TR/xhtml1/DTD/xhtml1-transitional.dtd">
<html xmlns="http://www.w3.org/1999/xhtml" xml:lang="en" lang="en">
 <head>
  <title>
</title>
<meta http-equiv="Content-Type" content="text/html;charset=utf-8" />
  <meta name='ocr-system' content='tesseract 3.04.00' />
  <meta name='ocr-capabilities' content='ocr_page ocr_carea ocr_par ocr_line ocrx_word'/>
</head>
<body>
  <div class='ocr_page' id='page_1' title='image "./historiaeecclesi01wout_0450.png"; bbox 0 0 2241 3473; ppageno 0'>
   <div class='ocr_carea' id='block_1_1' title="bbox 276 104 350 142">
    <p class='ocr_par' dir='ltr' id='par_1_1' title="bbox 276 104 350 142">
     <span class='ocr_line' id='line_1_1' title="bbox 276 104 350 142; baseline 0 0"><span class='ocrx_word' id='word_1_1' title='bbox 276 104 350 142; x_wconf 83' lang='lat'>128</span> 
     </span>
    </p>
   </div>
   <div class='ocr_carea' id='block_1_2' title="bbox 214 174 1161 2666">
    <p class='ocr_par' dir='ltr' id='par_1_2' title="bbox 214 174 1161 2666">
     <span class='ocr_line' id='line_1_2' title="bbox 222 174 1154 226; baseline -0.01 -6"><span class='ocrx_word' id='word_1_2' title='bbox 222 181 335 220; x_wconf 90' lang='lat' dir='ltr'>fidem</span> <span class='ocrx_word' id='word_1_3' title='bbox 355 178 556 224; x_wconf 87' lang='lat' dir='ltr'>convertit,</span> <span class='ocrx_word' id='word_1_4' title='bbox 576 177 796 226; x_wconf 80' lang='lat' dir='ltr'>peccatores</span> <span class='ocrx_word' id='word_1_5' title='bbox 815 176 863 214; x_wconf 85' lang='lat' dir='ltr'>ad</span> <span class='ocrx_word' id='word_1_6' title='bbox 877 174 1154 223; x_wconf 87' lang='lat' dir='ltr'>poenitentiam</span> 
     </span>
     <span class='ocr_line' id='line_1_3' title="bbox 223 227 1153 280; baseline -0.011 -7"><span class='ocrx_word' id='word_1_7' title='bbox 223 237 263 273; x_wconf 90' lang='lat' dir='ltr'>et</span> <span class='ocrx_word' id='word_1_8' title='bbox 282 235 470 271; x_wconf 86' lang='lat' dir='ltr'>virtutem</span> <span class='ocrx_word' id='word_1_9' title='bbox 488 230 682 280; x_wconf 82' lang='lat' dir='ltr'>perduxit,</span> <span class='ocrx_word' id='word_1_10' title='bbox 702 232 741 267; x_wconf 83' lang='lat' dir='ltr'>et</span> <span class='ocrx_word' id='word_1_11' title='bbox 760 229 907 276; x_wconf 87' lang='lat' dir='ltr'>aliquot</span> <span class='ocrx_word' id='word_1_12' title='bbox 925 227 1069 276; x_wconf 88' lang='lat' dir='ltr'>scripta</span> <span class='ocrx_word' id='word_1_13' title='bbox 1088 239 1153 264; x_wconf 92' lang='lat' dir='ltr'>re-</span> 
     </span>
     <span class='ocr_line' id='line_1_4' title="bbox 223 280 1153 336; baseline -0.009 -11"><span class='ocrx_word' id='word_1_14' title='bbox 223 287 336 336; x_wconf 91' lang='lat' dir='ltr'>liquit</span> <span class='ocrx_word' id='word_1_15' title='bbox 366 285 391 323; x_wconf 88' lang='lat'>¹.</span> <span class='ocrx_word' id='word_1_16' title='bbox 419 286 457 322; x_wconf 89' lang='lat' dir='ltr'>S.</span> <span class='ocrx_word' id='word_1_17' title='bbox 486 282 767 328; x_wconf 88' lang='lat' dir='ltr'>Bernardinus,</span> <span class='ocrx_word' id='word_1_18' title='bbox 797 285 1053 331; x_wconf 88' lang='lat' dir='ltr'>cognomento</span> <span class='ocrx_word' id='word_1_19' title='bbox 1080 280 1153 317; x_wconf 88' lang='lat' dir='ltr'>Se-</span> 
     </span>
     <span class='ocr_line' id='line_1_5' title="bbox 223 334 1154 385; baseline -0.009 -7"><span class='ocrx_word' id='word_1_20' title='bbox 223 339 362 385; x_wconf 86' lang='lat' dir='ltr'>nensis,</span> <span class='ocrx_word' id='word_1_21' title='bbox 390 337 526 374; x_wconf 90' lang='lat' dir='ltr'>nobilis</span> <span class='ocrx_word' id='word_1_22' title='bbox 554 337 782 381; x_wconf 84' lang='lat' dir='ltr'>Hetruscus,</span> <span class='ocrx_word' id='word_1_23' title='bbox 803 336 893 373; x_wconf 89' lang='lat' dir='ltr'>Ord.</span> <span class='ocrx_word' id='word_1_24' title='bbox 914 335 1068 380; x_wconf 86' lang='lat' dir='ltr'>Franc.,</span> <span class='ocrx_word' id='word_1_25' title='bbox 1089 334 1154 383; x_wconf 91' lang='lat' dir='ltr'>qui</span> 
     </span>
     <span class='ocr_line' id='line_1_6' title="bbox 222 387 1153 442; baseline -0.008 -11"><span class='ocrx_word' id='word_1_26' title='bbox 222 394 332 442; x_wconf 88' lang='lat' dir='ltr'>plura</span> <span class='ocrx_word' id='word_1_27' title='bbox 351 390 586 428; x_wconf 85' lang='lat' dir='ltr'>monasteria</span> <span class='ocrx_word' id='word_1_28' title='bbox 601 390 648 427; x_wconf 89' lang='lat' dir='ltr'>ad</span> <span class='ocrx_word' id='word_1_29' title='bbox 663 389 888 438; x_wconf 80' lang='lat' dir='ltr'>rigidiorem</span> <span class='ocrx_word' id='word_1_30' title='bbox 905 387 1066 435; x_wconf 88' lang='lat' dir='ltr'>regulae</span> <span class='ocrx_word' id='word_1_31' title='bbox 1083 388 1153 424; x_wconf 93' lang='lat' dir='ltr'>ob-</span> 
     </span>
     <span class='ocr_line' id='line_1_7' title="bbox 221 441 1155 491; baseline -0.006 -8"><span class='ocrx_word' id='word_1_32' title='bbox 221 445 456 484; x_wconf 74' lang='lat' dir='ltr'>servantiam</span> <span class='ocrx_word' id='word_1_33' title='bbox 471 443 684 489; x_wconf 88' lang='lat' dir='ltr'>revocavit,</span> <span class='ocrx_word' id='word_1_34' title='bbox 701 442 928 491; x_wconf 81' lang='lat' dir='ltr'>scripsitque</span> <span class='ocrx_word' id='word_1_35' title='bbox 949 441 1155 478; x_wconf 86' lang='lat' dir='ltr'>Sermones</span> 
     </span>
     <span class='ocr_line' id='line_1_8' title="bbox 221 494 1153 544; baseline -0.004 -9"><span class='ocrx_word' id='word_1_36' title='bbox 221 503 260 536; x_wconf 92' lang='lat' dir='ltr'>et</span> <span class='ocrx_word' id='word_1_37' title='bbox 286 498 413 535; x_wconf 86' lang='lat' dir='ltr'>varios</span> <span class='ocrx_word' id='word_1_38' title='bbox 445 497 655 534; x_wconf 85' lang='lat' dir='ltr'>Tractatus</span> <span class='ocrx_word' id='word_1_39' title='bbox 681 496 845 534; x_wconf 89' lang='lat' dir='ltr'>morales</span> <span class='ocrx_word' id='word_1_40' title='bbox 873 500 989 544; x_wconf 88' lang='lat' dir='ltr'>atque</span> <span class='ocrx_word' id='word_1_41' title='bbox 1010 494 1153 532; x_wconf 88' lang='lat' dir='ltr'>asceti-</span> 
     </span>
     <span class='ocr_line' id='line_1_9' title="bbox 221 547 1156 597; baseline -0.005 -8"><span class='ocrx_word' id='word_1_42' title='bbox 221 563 284 589; x_wconf 89' lang='lat' dir='ltr'>cos</span> <span class='ocrx_word' id='word_1_43' title='bbox 304 550 331 589; x_wconf 73' lang='lat'>2.</span> <span class='ocrx_word' id='word_1_44' title='bbox 353 551 392 588; x_wconf 88' lang='lat' dir='ltr'>S.</span> <span class='ocrx_word' id='word_1_45' title='bbox 414 550 652 587; x_wconf 76' lang='lat' dir='ltr'>Laurentius</span> <span class='ocrx_word' id='word_1_46' title='bbox 687 549 924 587; x_wconf 86' lang='lat' dir='ltr'>Iustinianus</span> <span class='ocrx_word' id='word_1_47' title='bbox 939 577 948 595; x_wconf 89' lang='lat'>,</span> <span class='ocrx_word' id='word_1_48' title='bbox 969 547 1156 597; x_wconf 83' lang='lat' dir='ltr'>patricius</span> 
     </span>
     <span class='ocr_line' id='line_1_10' title="bbox 220 601 1156 652; baseline -0.004 -11"><span class='ocrx_word' id='word_1_49' title='bbox 220 605 398 641; x_wconf 88' lang='lat' dir='ltr'>Venetus</span> <span class='ocrx_word' id='word_1_50' title='bbox 418 606 457 641; x_wconf 87' lang='lat' dir='ltr'>et</span> <span class='ocrx_word' id='word_1_51' title='bbox 476 604 625 652; x_wconf 87' lang='lat' dir='ltr'>primus</span> <span class='ocrx_word' id='word_1_52' title='bbox 643 603 899 640; x_wconf 86' lang='lat' dir='ltr'>Venetiarum</span> <span class='ocrx_word' id='word_1_53' title='bbox 919 601 1156 651; x_wconf 86' lang='lat' dir='ltr'>patriarcha,</span> 
     </span>
     <span class='ocr_line' id='line_1_11' title="bbox 224 655 1154 705; baseline -0.004 -10"><span class='ocrx_word' id='word_1_54' title='bbox 224 658 277 695; x_wconf 88' lang='lat' dir='ltr'>uti</span> <span class='ocrx_word' id='word_1_55' title='bbox 299 657 486 702; x_wconf 88' lang='lat' dir='ltr'>vidimus,</span> <span class='ocrx_word' id='word_1_56' title='bbox 505 656 665 705; x_wconf 89' lang='lat' dir='ltr'>reliquit</span> <span class='ocrx_word' id='word_1_57' title='bbox 692 657 902 694; x_wconf 83' lang='lat' dir='ltr'>Sermones</span> <span class='ocrx_word' id='word_1_58' title='bbox 927 658 967 692; x_wconf 89' lang='lat' dir='ltr'>et</span> <span class='ocrx_word' id='word_1_59' title='bbox 986 655 1154 692; x_wconf 87' lang='lat' dir='ltr'>Tracta-</span> 
     </span>
     <span class='ocr_line' id='line_1_12' title="bbox 220 707 1154 756; baseline -0.005 -7"><span class='ocrx_word' id='word_1_60' title='bbox 220 715 281 749; x_wconf 88' lang='lat' dir='ltr'>tus</span> <span class='ocrx_word' id='word_1_61' title='bbox 309 709 495 748; x_wconf 78' lang='lat' dir='ltr'>asceticos</span> <span class='ocrx_word' id='word_1_62' title='bbox 523 707 549 748; x_wconf 82' lang='lat'>³.</span> <span class='ocrx_word' id='word_1_63' title='bbox 569 709 607 747; x_wconf 88' lang='lat' dir='ltr'>S.</span> <span class='ocrx_word' id='word_1_64' title='bbox 637 710 876 756; x_wconf 83' lang='lat' dir='ltr'>Antoninus,</span> <span class='ocrx_word' id='word_1_65' title='bbox 897 709 986 747; x_wconf 88' lang='lat' dir='ltr'>Ord.</span> <span class='ocrx_word' id='word_1_66' title='bbox 1016 708 1154 745; x_wconf 89' lang='lat' dir='ltr'>Praed.</span> 
     </span>
     <span class='ocr_line' id='line_1_13' title="bbox 221 761 1155 812; baseline -0.003 -11"><span class='ocrx_word' id='word_1_67' title='bbox 221 768 260 802; x_wconf 90' lang='lat' dir='ltr'>et</span> <span class='ocrx_word' id='word_1_68' title='bbox 274 763 580 812; x_wconf 85' lang='lat' dir='ltr'>archiepiscopus</span> <span class='ocrx_word' id='word_1_69' title='bbox 593 762 856 809; x_wconf 87' lang='lat' dir='ltr'>Florentinus,</span> <span class='ocrx_word' id='word_1_70' title='bbox 871 761 1026 812; x_wconf 81' lang='lat' dir='ltr'>scripsit</span> <span class='ocrx_word' id='word_1_71' title='bbox 1040 762 1155 799; x_wconf 86' lang='lat' dir='ltr'>Sum-</span> 
     </span>
     <span class='ocr_line' id='line_1_14' title="bbox 221 815 1156 865; baseline -0.002 -11"><span class='ocrx_word' id='word_1_72' title='bbox 221 829 323 855; x_wconf 87' lang='lat' dir='ltr'>mam</span> <span class='ocrx_word' id='word_1_73' title='bbox 357 817 652 865; x_wconf 85' lang='lat' dir='ltr'>Theologicam,</span> <span class='ocrx_word' id='word_1_74' title='bbox 700 817 903 854; x_wconf 87' lang='lat' dir='ltr'>Summam</span> <span class='ocrx_word' id='word_1_75' title='bbox 944 815 1156 853; x_wconf 79' lang='lat' dir='ltr'>confessio-</span> 
     </span>
     <span class='ocr_line' id='line_1_15' title="bbox 221 868 1158 918; baseline -0.001 -11"><span class='ocrx_word' id='word_1_76' title='bbox 221 871 278 908; x_wconf 89' lang='lat' dir='ltr'>nis</span> <span class='ocrx_word' id='word_1_77' title='bbox 307 872 347 907; x_wconf 89' lang='lat' dir='ltr'>et</span> <span class='ocrx_word' id='word_1_78' title='bbox 367 870 580 908; x_wconf 86' lang='lat' dir='ltr'>Chronicon</span> <span class='ocrx_word' id='word_1_79' title='bbox 601 870 845 918; x_wconf 86' lang='lat' dir='ltr'>tripartitum</span> <span class='ocrx_word' id='word_1_80' title='bbox 871 868 898 907; x_wconf 75' lang='lat'>4.</span> <span class='ocrx_word' id='word_1_81' title='bbox 919 869 964 907; x_wconf 89' lang='grc' dir='ltr'>Β.</span> <span class='ocrx_word' id='word_1_82' title='bbox 994 869 1158 906; x_wconf 90' lang='lat' dir='ltr'>Ioannes</span> 
     </span>
     <span class='ocr_line' id='line_1_16' title="bbox 222 922 1155 969; baseline -0.001 -9"><span class='ocrx_word' id='word_1_83' title='bbox 222 923 413 961; x_wconf 87' lang='lat' dir='ltr'>Dominici</span> <span class='ocrx_word' id='word_1_84' title='bbox 429 953 439 969; x_wconf 95' lang='lat'>,</span> <span class='ocrx_word' id='word_1_85' title='bbox 481 923 729 960; x_wconf 83' lang='lat' dir='ltr'>Florentinus</span> <span class='ocrx_word' id='word_1_86' title='bbox 746 953 756 968; x_wconf 93' lang='lat'>,</span> <span class='ocrx_word' id='word_1_87' title='bbox 798 922 952 960; x_wconf 88' lang='lat' dir='ltr'>Ordinis</span> <span class='ocrx_word' id='word_1_88' title='bbox 989 922 1127 960; x_wconf 87' lang='lat' dir='ltr'>Praed.</span> <span class='ocrx_word' id='word_1_89' title='bbox 1147 952 1155 969; x_wconf 98' lang='lat'>,</span> 
     </span>
     <span class='ocr_line' id='line_1_17' title="bbox 219 976 1157 1026; baseline -0.001 -12"><span class='ocrx_word' id='word_1_90' title='bbox 219 989 242 1014; x_wconf 90' lang='lat' dir='ltr'>a</span> <span class='ocrx_word' id='word_1_91' title='bbox 270 977 458 1026; x_wconf 82' lang='lat' dir='ltr'>Gregorio</span> <span class='ocrx_word' id='word_1_92' title='bbox 495 976 573 1013; x_wconf 88' lang='lat' dir='ltr'>XII</span> <span class='ocrx_word' id='word_1_93' title='bbox 601 976 808 1014; x_wconf 89' lang='lat' dir='ltr'>cardinalis</span> <span class='ocrx_word' id='word_1_94' title='bbox 844 976 1044 1025; x_wconf 86' lang='lat' dir='ltr'>episcopus</span> <span class='ocrx_word' id='word_1_95' title='bbox 1074 977 1157 1013; x_wconf 81' lang='lat' dir='ltr'>Ra-</span> 
     </span>
     <span class='ocr_line' id='line_1_18' title="bbox 221 1029 1155 1079; baseline -0.001 -12"><span class='ocrx_word' id='word_1_96' title='bbox 221 1031 382 1079; x_wconf 83' lang='lat' dir='ltr'>gusinus</span> <span class='ocrx_word' id='word_1_97' title='bbox 411 1032 563 1068; x_wconf 88' lang='lat' dir='ltr'>creatus</span> <span class='ocrx_word' id='word_1_98' title='bbox 592 1034 630 1067; x_wconf 89' lang='lat' dir='ltr'>et</span> <span class='ocrx_word' id='word_1_99' title='bbox 657 1042 680 1068; x_wconf 88' lang='lat' dir='ltr'>a</span> <span class='ocrx_word' id='word_1_100' title='bbox 709 1030 880 1068; x_wconf 86' lang='lat' dir='ltr'>Martino</span> <span class='ocrx_word' id='word_1_101' title='bbox 906 1029 941 1066; x_wconf 93' lang='lat' dir='ltr'><strong>V</strong></span> <span class='ocrx_word' id='word_1_102' title='bbox 969 1029 1006 1066; x_wconf 93' lang='lat' dir='ltr'>in</span> <span class='ocrx_word' id='word_1_103' title='bbox 1028 1029 1155 1066; x_wconf 88' lang='lat' dir='ltr'>Bohe-</span> 
     </span>
     <span class='ocr_line' id='line_1_19' title="bbox 221 1083 1158 1132; baseline -0.002 -11"><span class='ocrx_word' id='word_1_104' title='bbox 221 1083 339 1121; x_wconf 89' lang='lat' dir='ltr'>miam</span> <span class='ocrx_word' id='word_1_105' title='bbox 356 1113 366 1130; x_wconf 91' lang='lat'>,</span> <span class='ocrx_word' id='word_1_106' title='bbox 396 1083 597 1121; x_wconf 87' lang='lat' dir='ltr'>Poloniam</span> <span class='ocrx_word' id='word_1_107' title='bbox 630 1086 670 1121; x_wconf 88' lang='lat' dir='ltr'>et</span> <span class='ocrx_word' id='word_1_108' title='bbox 706 1084 948 1132; x_wconf 84' lang='lat' dir='ltr'>Hungariam</span> <span class='ocrx_word' id='word_1_109' title='bbox 985 1083 1158 1131; x_wconf 87' lang='lat' dir='ltr'>legatus,</span> 
     </span>
     <span class='ocr_line' id='line_1_20' title="bbox 221 1135 1158 1186; baseline -0.002 -12"><span class='ocrx_word' id='word_1_110' title='bbox 221 1140 376 1186; x_wconf 88' lang='lat' dir='ltr'>praeter</span> <span class='ocrx_word' id='word_1_111' title='bbox 411 1137 488 1174; x_wconf 88' lang='lat' dir='ltr'>alia</span> <span class='ocrx_word' id='word_1_112' title='bbox 515 1137 670 1186; x_wconf 81' lang='lat' dir='ltr'>scripsit</span> <span class='ocrx_word' id='word_1_113' title='bbox 702 1137 996 1174; x_wconf 84' lang='lat' dir='ltr'>commentarios</span> <span class='ocrx_word' id='word_1_114' title='bbox 1024 1137 1061 1172; x_wconf 91' lang='lat' dir='ltr'>in</span> <span class='ocrx_word' id='word_1_115' title='bbox 1084 1135 1158 1173; x_wconf 90' lang='lat' dir='ltr'>ali-</span> 
     </span>
     <span class='ocr_line' id='line_1_21' title="bbox 222 1189 1158 1239; baseline 0.001 -14"><span class='ocrx_word' id='word_1_116' title='bbox 222 1193 314 1238; x_wconf 83' lang='lat' dir='ltr'>quot</span> <span class='ocrx_word' id='word_1_117' title='bbox 345 1202 372 1228; x_wconf 89' lang='lat' dir='ltr'>s.</span> <span class='ocrx_word' id='word_1_118' title='bbox 393 1190 618 1239; x_wconf 86' lang='lat' dir='ltr'>Scripturae</span> <span class='ocrx_word' id='word_1_119' title='bbox 651 1190 779 1228; x_wconf 89' lang='lat' dir='ltr'>libros.</span> <span class='ocrx_word' id='word_1_120' title='bbox 817 1190 961 1228; x_wconf 89' lang='lat' dir='ltr'>Paulus</span> <span class='ocrx_word' id='word_1_121' title='bbox 985 1189 1158 1237; x_wconf 89' lang='lat' dir='ltr'>Burgen-</span> 
     </span>
     <span class='ocr_line' id='line_1_22' title="bbox 221 1242 1160 1292; baseline -0.001 -12"><span class='ocrx_word' id='word_1_122' title='bbox 221 1244 284 1289; x_wconf 90' lang='lat' dir='ltr'>sis,</span> <span class='ocrx_word' id='word_1_123' title='bbox 311 1243 527 1292; x_wconf 88' lang='lat' dir='ltr'>Hispanus,</span> <span class='ocrx_word' id='word_1_124' title='bbox 555 1244 765 1291; x_wconf 83' lang='lat' dir='ltr'>Burgensis</span> <span class='ocrx_word' id='word_1_125' title='bbox 795 1243 1016 1291; x_wconf 88' lang='lat' dir='ltr'>episcopus,</span> <span class='ocrx_word' id='word_1_126' title='bbox 1041 1242 1160 1280; x_wconf 82' lang='lat' dir='ltr'>edidit</span> 
     </span>
     <span class='ocr_line' id='line_1_23' title="bbox 220 1296 1161 1344; baseline 0 -11"><span class='ocrx_word' id='word_1_127' title='bbox 220 1296 432 1334; x_wconf 83' lang='lat' dir='ltr'>additiones</span> <span class='ocrx_word' id='word_1_128' title='bbox 452 1297 500 1334; x_wconf 90' lang='lat' dir='ltr'>ad</span> <span class='ocrx_word' id='word_1_129' title='bbox 521 1298 716 1334; x_wconf 63' lang='lat' dir='ltr'>Poste&#39;llas</span> <span class='ocrx_word' id='word_1_130' title='bbox 738 1297 890 1334; x_wconf 90' lang='lat' dir='ltr'>Nicolai</span> <span class='ocrx_word' id='word_1_131' title='bbox 910 1297 956 1333; x_wconf 90' lang='lat' dir='ltr'>de</span> <span class='ocrx_word' id='word_1_132' title='bbox 986 1297 1093 1344; x_wconf 76' lang='lat' dir='ltr'>Lyra</span> <span class='ocrx_word' id='word_1_133' title='bbox 1122 1299 1161 1333; x_wconf 87' lang='lat' dir='ltr'>et</span> 
     </span>
     <span class='ocr_line' id='line_1_24' title="bbox 219 1349 1160 1398; baseline 0 -12"><span class='ocrx_word' id='word_1_134' title='bbox 219 1350 450 1387; x_wconf 89' lang='lat' dir='ltr'>scrutinium</span> <span class='ocrx_word' id='word_1_135' title='bbox 468 1349 770 1398; x_wconf 86' lang='lat' dir='ltr'>Scripturarum.</span> <span class='ocrx_word' id='word_1_136' title='bbox 790 1350 1011 1398; x_wconf 88' lang='lat' dir='ltr'>Alphonsus</span> <span class='ocrx_word' id='word_1_137' title='bbox 1028 1350 1160 1387; x_wconf 88' lang='lat' dir='ltr'>Tosta-</span> 
     </span>
     <span class='ocr_line' id='line_1_25' title="bbox 218 1402 1158 1451; baseline 0 -12"><span class='ocrx_word' id='word_1_138' title='bbox 218 1405 280 1439; x_wconf 88' lang='lat' dir='ltr'>tus</span> <span class='ocrx_word' id='word_1_139' title='bbox 298 1431 307 1447; x_wconf 94' lang='lat'>,</span> <span class='ocrx_word' id='word_1_140' title='bbox 333 1402 557 1450; x_wconf 87' lang='lat' dir='ltr'>Hispanus,</span> <span class='ocrx_word' id='word_1_141' title='bbox 587 1403 786 1451; x_wconf 88' lang='lat' dir='ltr'>episcopus</span> <span class='ocrx_word' id='word_1_142' title='bbox 815 1402 1038 1448; x_wconf 88' lang='lat' dir='ltr'>Abulensis,</span> <span class='ocrx_word' id='word_1_143' title='bbox 1063 1402 1158 1439; x_wconf 86' lang='lat' dir='ltr'>reli-</span> 
     </span>
     <span class='ocr_line' id='line_1_26' title="bbox 217 1454 1158 1504; baseline 0.002 -14"><span class='ocrx_word' id='word_1_144' title='bbox 217 1455 303 1502; x_wconf 85' lang='lat' dir='ltr'>quit</span> <span class='ocrx_word' id='word_1_145' title='bbox 318 1455 594 1492; x_wconf 89' lang='lat' dir='ltr'>commentaria</span> <span class='ocrx_word' id='word_1_146' title='bbox 610 1455 751 1492; x_wconf 88' lang='lat' dir='ltr'>diffusa</span> <span class='ocrx_word' id='word_1_147' title='bbox 766 1456 803 1492; x_wconf 92' lang='lat' dir='ltr'>in</span> <span class='ocrx_word' id='word_1_148' title='bbox 822 1454 939 1492; x_wconf 90' lang='lat' dir='ltr'>libros</span> <span class='ocrx_word' id='word_1_149' title='bbox 957 1455 1158 1504; x_wconf 88' lang='lat' dir='ltr'>utriusque</span> 
     </span>
     <span class='ocr_line' id='line_1_27' title="bbox 218 1507 1158 1556; baseline 0 -12"><span class='ocrx_word' id='word_1_150' title='bbox 218 1507 460 1544; x_wconf 82' lang='lat' dir='ltr'>Testamenti</span> <span class='ocrx_word' id='word_1_151' title='bbox 479 1507 493 1528; x_wconf 84' lang='lat'>⁵</span> <span class='ocrx_word' id='word_1_152' title='bbox 513 1536 522 1544; x_wconf 90' lang='lat'><strong><em>.</em></strong></span> <span class='ocrx_word' id='word_1_153' title='bbox 544 1508 650 1545; x_wconf 87' lang='lat' dir='ltr'>Ioan.</span> <span class='ocrx_word' id='word_1_154' title='bbox 682 1508 935 1554; x_wconf 88' lang='lat' dir='ltr'>Marchesini,</span> <span class='ocrx_word' id='word_1_155' title='bbox 962 1508 1158 1556; x_wconf 88' lang='lat' dir='ltr'>Reginen-</span> 
     </span>
     <span class='ocr_line' id='line_1_28' title="bbox 216 1559 1152 1610; baseline 0.002 -13"><span class='ocrx_word' id='word_1_156' title='bbox 216 1560 282 1605; x_wconf 81' lang='lat' dir='ltr'>sis,</span> <span class='ocrx_word' id='word_1_157' title='bbox 301 1559 433 1598; x_wconf 88' lang='lat' dir='ltr'>Ordin.</span> <span class='ocrx_word' id='word_1_158' title='bbox 447 1572 477 1598; x_wconf 92' lang='lat' dir='ltr'>s.</span> <span class='ocrx_word' id='word_1_159' title='bbox 494 1560 632 1598; x_wconf 89' lang='lat' dir='ltr'>Franc.</span> <span class='ocrx_word' id='word_1_160' title='bbox 651 1561 867 1610; x_wconf 80' lang='lat' dir='ltr'>composuit</span> <span class='ocrx_word' id='word_1_161' title='bbox 882 1562 1152 1599; x_wconf 82' lang='lat' dir='ltr'>Mammotre-</span> 
     </span>
     <span class='ocr_line' id='line_1_29' title="bbox 214 1613 1157 1663; baseline 0.003 -14"><span class='ocrx_word' id='word_1_162' title='bbox 214 1617 340 1659; x_wconf 76' lang='lat' dir='ltr'>ctum,</span> <span class='ocrx_word' id='word_1_163' title='bbox 351 1625 418 1650; x_wconf 90' lang='lat' dir='ltr'>seu</span> <span class='ocrx_word' id='word_1_164' title='bbox 432 1613 714 1662; x_wconf 81' lang='lat' dir='ltr'>expositionem</span> <span class='ocrx_word' id='word_1_165' title='bbox 727 1614 765 1650; x_wconf 90' lang='lat' dir='ltr'>in</span> <span class='ocrx_word' id='word_1_166' title='bbox 777 1615 932 1663; x_wconf 88' lang='lat' dir='ltr'>singula</span> <span class='ocrx_word' id='word_1_167' title='bbox 947 1626 975 1651; x_wconf 92' lang='lat' dir='ltr'>s.</span> <span class='ocrx_word' id='word_1_168' title='bbox 988 1614 1157 1663; x_wconf 89' lang='lat' dir='ltr'>Scriptu-</span> 
     </span>
     <span class='ocr_line' id='line_1_30' title="bbox 214 1666 1156 1715; baseline 0.004 -13"><span class='ocrx_word' id='word_1_169' title='bbox 214 1677 282 1703; x_wconf 88' lang='lat' dir='ltr'>rae</span> <span class='ocrx_word' id='word_1_170' title='bbox 311 1666 490 1715; x_wconf 89' lang='lat' dir='ltr'>capitula.</span> <span class='ocrx_word' id='word_1_171' title='bbox 521 1667 662 1705; x_wconf 87' lang='lat' dir='ltr'>Petrus</span> <span class='ocrx_word' id='word_1_172' title='bbox 678 1667 789 1705; x_wconf 91' lang='lat' dir='ltr'>Card.</span> <span class='ocrx_word' id='word_1_173' title='bbox 803 1668 849 1705; x_wconf 90' lang='lat' dir='ltr'>de</span> <span class='ocrx_word' id='word_1_174' title='bbox 866 1667 1156 1713; x_wconf 86' lang='lat' dir='ltr'>AlliacO,Com-</span> 
     </span>
     <span class='ocr_line' id='line_1_31' title="bbox 214 1719 1155 1768; baseline 0.004 -13"><span class='ocrx_word' id='word_1_175' title='bbox 214 1719 446 1768; x_wconf 89' lang='lat' dir='ltr'>pendiensis‚</span> <span class='ocrx_word' id='word_1_176' title='bbox 467 1719 505 1756; x_wconf 91' lang='lat' dir='ltr'>in</span> <span class='ocrx_word' id='word_1_177' title='bbox 526 1720 670 1758; x_wconf 90' lang='lat' dir='ltr'>Pisano</span> <span class='ocrx_word' id='word_1_178' title='bbox 695 1723 735 1758; x_wconf 89' lang='lat' dir='ltr'>et</span> <span class='ocrx_word' id='word_1_179' title='bbox 754 1721 1038 1759; x_wconf 87' lang='lat' dir='ltr'>Constantiensi</span> <span class='ocrx_word' id='word_1_180' title='bbox 1059 1733 1155 1759; x_wconf 91' lang='lat' dir='ltr'>con-</span> 
     </span>
     <span class='ocr_line' id='line_1_32' title="bbox 215 1772 1156 1823; baseline 0.004 -14"><span class='ocrx_word' id='word_1_181' title='bbox 215 1772 313 1811; x_wconf 89' lang='lat' dir='ltr'>ciliis</span> <span class='ocrx_word' id='word_1_182' title='bbox 328 1774 592 1823; x_wconf 80' lang='lat' dir='ltr'>extinguendo</span> <span class='ocrx_word' id='word_1_183' title='bbox 612 1773 830 1820; x_wconf 90' lang='lat' dir='ltr'>schismati,</span> <span class='ocrx_word' id='word_1_184' title='bbox 843 1775 1156 1814; x_wconf 83' lang='lat' dir='ltr'>condemnandae</span> 
     </span>
     <span class='ocr_line' id='line_1_33' title="bbox 215 1826 1155 1878; baseline 0.004 -16"><span class='ocrx_word' id='word_1_185' title='bbox 215 1826 366 1864; x_wconf 90' lang='lat' dir='ltr'>haeresi</span> <span class='ocrx_word' id='word_1_186' title='bbox 395 1830 434 1865; x_wconf 90' lang='lat' dir='ltr'>et</span> <span class='ocrx_word' id='word_1_187' title='bbox 452 1828 721 1865; x_wconf 86' lang='lat' dir='ltr'>restituendae</span> <span class='ocrx_word' id='word_1_188' title='bbox 751 1828 977 1878; x_wconf 88' lang='lat' dir='ltr'>disciplinae</span> <span class='ocrx_word' id='word_1_189' title='bbox 998 1840 1155 1877; x_wconf 89' lang='lat' dir='ltr'>operam</span> 
     </span>
     <span class='ocr_line' id='line_1_34' title="bbox 214 1880 1156 1930; baseline 0.003 -14"><span class='ocrx_word' id='word_1_190' title='bbox 214 1880 389 1926; x_wconf 88' lang='lat' dir='ltr'>navavit,</span> <span class='ocrx_word' id='word_1_191' title='bbox 410 1881 644 1930; x_wconf 89' lang='lat' dir='ltr'>reliquitque</span> <span class='ocrx_word' id='word_1_192' title='bbox 665 1882 964 1919; x_wconf 85' lang='lat' dir='ltr'>commentarios</span> <span class='ocrx_word' id='word_1_193' title='bbox 985 1882 1023 1918; x_wconf 89' lang='lat' dir='ltr'>in</span> <span class='ocrx_word' id='word_1_194' title='bbox 1044 1882 1100 1920; x_wconf 88' lang='lat' dir='ltr'>IV</span> <span class='ocrx_word' id='word_1_195' title='bbox 1115 1883 1156 1920; x_wconf 89' lang='lat' dir='ltr'>li-</span> 
     </span>
     <span class='ocr_line' id='line_1_35' title="bbox 214 1933 1158 1981; baseline 0.004 -12"><span class='ocrx_word' id='word_1_196' title='bbox 214 1933 303 1970; x_wconf 89' lang='lat' dir='ltr'>bros</span> <span class='ocrx_word' id='word_1_197' title='bbox 324 1934 649 1981; x_wconf 76' lang='lat' dir='ltr'>Sententiarum,</span> <span class='ocrx_word' id='word_1_198' title='bbox 667 1935 705 1972; x_wconf 89' lang='lat' dir='ltr'>in</span> <span class='ocrx_word' id='word_1_199' title='bbox 724 1936 900 1973; x_wconf 88' lang='lat' dir='ltr'>Psalmos</span> <span class='ocrx_word' id='word_1_200' title='bbox 917 1935 1010 1972; x_wconf 92' lang='lat' dir='ltr'>etin</span> <span class='ocrx_word' id='word_1_201' title='bbox 1028 1935 1158 1973; x_wconf 90' lang='lat' dir='ltr'>Canti-</span> 
     </span>
     <span class='ocr_line' id='line_1_36' title="bbox 216 1986 1156 2033; baseline 0.003 -10"><span class='ocrx_word' id='word_1_202' title='bbox 216 1998 274 2033; x_wconf 86' lang='lat' dir='ltr'>ca,</span> <span class='ocrx_word' id='word_1_203' title='bbox 292 1986 435 2025; x_wconf 88' lang='lat' dir='ltr'>librum</span> <span class='ocrx_word' id='word_1_204' title='bbox 456 1988 502 2024; x_wconf 83' lang='lat' dir='ltr'>de</span> <span class='ocrx_word' id='word_1_205' title='bbox 523 1988 721 2026; x_wconf 85' lang='lat' dir='ltr'>Ecclesiae</span> <span class='ocrx_word' id='word_1_206' title='bbox 742 1993 782 2026; x_wconf 89' lang='lat' dir='ltr'>et</span> <span class='ocrx_word' id='word_1_207' title='bbox 806 1989 1071 2026; x_wconf 85' lang='lat' dir='ltr'>Cardinalium</span> <span class='ocrx_word' id='word_1_208' title='bbox 1092 2002 1156 2027; x_wconf 88' lang='lat' dir='ltr'>au-</span> 
     </span>
     <span class='ocr_line' id='line_1_37' title="bbox 215 2039 1154 2090; baseline 0.004 -13"><span class='ocrx_word' id='word_1_209' title='bbox 215 2041 411 2087; x_wconf 89' lang='lat' dir='ltr'>ctoritate,</span> <span class='ocrx_word' id='word_1_210' title='bbox 440 2041 595 2090; x_wconf 89' lang='lat' dir='ltr'>aliaque</span> <span class='ocrx_word' id='word_1_211' title='bbox 614 2039 628 2062; x_wconf 80' lang='lat'><strong>⁶</strong></span> <span class='ocrx_word' id='word_1_212' title='bbox 650 2072 658 2079; x_wconf 92' lang='lat'><strong>.</strong></span> <span class='ocrx_word' id='word_1_213' title='bbox 690 2042 854 2080; x_wconf 88' lang='lat' dir='ltr'>Ioannes</span> <span class='ocrx_word' id='word_1_214' title='bbox 874 2043 1036 2086; x_wconf 88' lang='lat' dir='ltr'>Gerson,</span> <span class='ocrx_word' id='word_1_215' title='bbox 1057 2043 1154 2081; x_wconf 89' lang='lat' dir='ltr'>alias</span> 
     </span>
     <span class='ocr_line' id='line_1_38' title="bbox 215 2093 1154 2140; baseline 0.003 -10"><span class='ocrx_word' id='word_1_216' title='bbox 215 2093 403 2140; x_wconf 90' lang='lat' dir='ltr'>Charlier‚</span> <span class='ocrx_word' id='word_1_217' title='bbox 422 2106 558 2132; x_wconf 90' lang='lat' dir='ltr'>sacrae</span> <span class='ocrx_word' id='word_1_218' title='bbox 579 2095 794 2133; x_wconf 83' lang='lat' dir='ltr'>Facultatis</span> <span class='ocrx_word' id='word_1_219' title='bbox 815 2096 1047 2134; x_wconf 85' lang='lat' dir='ltr'>Parisiensis</span> <span class='ocrx_word' id='word_1_220' title='bbox 1068 2108 1154 2134; x_wconf 88' lang='lat' dir='ltr'>can-</span> 
     </span>
     <span class='ocr_line' id='line_1_39' title="bbox 216 2147 1155 2197; baseline 0.002 -12"><span class='ocrx_word' id='word_1_221' title='bbox 216 2147 400 2185; x_wconf 88' lang='lat' dir='ltr'>cellarius</span> <span class='ocrx_word' id='word_1_222' title='bbox 417 2177 426 2194; x_wconf 95' lang='lat'>,</span> <span class='ocrx_word' id='word_1_223' title='bbox 454 2148 698 2186; x_wconf 86' lang='lat' dir='ltr'>orationibus</span> <span class='ocrx_word' id='word_1_224' title='bbox 716 2178 725 2195; x_wconf 95' lang='lat'>,</span> <span class='ocrx_word' id='word_1_225' title='bbox 754 2160 851 2197; x_wconf 87' lang='lat' dir='ltr'>quas</span> <span class='ocrx_word' id='word_1_226' title='bbox 880 2148 920 2186; x_wconf 92' lang='lat' dir='ltr'>in</span> <span class='ocrx_word' id='word_1_227' title='bbox 951 2149 1094 2186; x_wconf 89' lang='lat' dir='ltr'>Pisano</span> <span class='ocrx_word' id='word_1_228' title='bbox 1115 2153 1155 2188; x_wconf 90' lang='lat' dir='ltr'>et</span> 
     </span>
     <span class='ocr_line' id='line_1_40' title="bbox 216 2201 1152 2250; baseline 0.001 -11"><span class='ocrx_word' id='word_1_229' title='bbox 216 2201 504 2239; x_wconf 77' lang='lat' dir='ltr'>constantiensi</span> <span class='ocrx_word' id='word_1_230' title='bbox 534 2202 705 2239; x_wconf 90' lang='lat' dir='ltr'>conciliis</span> <span class='ocrx_word' id='word_1_231' title='bbox 732 2203 778 2239; x_wconf 89' lang='lat' dir='ltr'>de</span> <span class='ocrx_word' id='word_1_232' title='bbox 798 2203 994 2250; x_wconf 84' lang='lat' dir='ltr'>praesenti</span> <span class='ocrx_word' id='word_1_233' title='bbox 1015 2203 1152 2240; x_wconf 87' lang='lat' dir='ltr'>Eccle-</span> 
     </span>
     <span class='ocr_line' id='line_1_41' title="bbox 214 2254 1154 2300; baseline 0.002 -9"><span class='ocrx_word' id='word_1_234' title='bbox 214 2254 294 2292; x_wconf 89' lang='lat' dir='ltr'>siae</span> <span class='ocrx_word' id='word_1_235' title='bbox 321 2257 425 2292; x_wconf 82' lang='lat' dir='ltr'>statu</span> <span class='ocrx_word' id='word_1_236' title='bbox 455 2255 608 2300; x_wconf 87' lang='lat' dir='ltr'>habuit,</span> <span class='ocrx_word' id='word_1_237' title='bbox 639 2255 810 2299; x_wconf 82' lang='lat' dir='ltr'>celeber,</span> <span class='ocrx_word' id='word_1_238' title='bbox 836 2255 956 2293; x_wconf 85' lang='lat' dir='ltr'>edidit</span> <span class='ocrx_word' id='word_1_239' title='bbox 975 2256 1087 2294; x_wconf 87' lang='lat' dir='ltr'>varia</span> <span class='ocrx_word' id='word_1_240' title='bbox 1107 2269 1154 2294; x_wconf 95' lang='lat' dir='ltr'>o-</span> 
     </span>
     <span class='ocr_line' id='line_1_42' title="bbox 214 2308 1153 2357; baseline 0.002 -13"><span class='ocrx_word' id='word_1_241' title='bbox 214 2320 304 2356; x_wconf 89' lang='lat' dir='ltr'>pera</span> <span class='ocrx_word' id='word_1_242' title='bbox 325 2308 567 2357; x_wconf 84' lang='lat' dir='ltr'>dogmatica,</span> <span class='ocrx_word' id='word_1_243' title='bbox 588 2309 750 2345; x_wconf 85' lang='lat' dir='ltr'>moralia</span> <span class='ocrx_word' id='word_1_244' title='bbox 766 2338 775 2353; x_wconf 88' lang='lat'>,</span> <span class='ocrx_word' id='word_1_245' title='bbox 796 2309 974 2357; x_wconf 80' lang='lat' dir='ltr'>mystica,</span> <span class='ocrx_word' id='word_1_246' title='bbox 996 2310 1153 2346; x_wconf 91' lang='lat' dir='ltr'>concio-</span> 
     </span>
     <span class='ocr_line' id='line_1_43' title="bbox 216 2359 1155 2407; baseline 0.002 -9"><span class='ocrx_word' id='word_1_247' title='bbox 216 2362 379 2407; x_wconf 88' lang='lat' dir='ltr'>natoria,</span> <span class='ocrx_word' id='word_1_248' title='bbox 403 2361 652 2399; x_wconf 87' lang='lat' dir='ltr'>miscellanca</span> <span class='ocrx_word' id='word_1_249' title='bbox 671 2359 685 2380; x_wconf 93' lang='lat'>⁷</span> <span class='ocrx_word' id='word_1_250' title='bbox 707 2392 715 2399; x_wconf 94' lang='lat'><strong>.</strong></span> <span class='ocrx_word' id='word_1_251' title='bbox 737 2362 907 2399; x_wconf 84' lang='lat' dir='ltr'>Thomas</span> <span class='ocrx_word' id='word_1_252' title='bbox 930 2363 1155 2400; x_wconf 57' lang='lat' dir='ltr'>KValdensis</span> 
     </span>
     <span class='ocr_line' id='line_1_44' title="bbox 214 2414 1154 2464; baseline 0 -12"><span class='ocrx_word' id='word_1_253' title='bbox 214 2427 281 2452; x_wconf 85' lang='lat' dir='ltr'>seu</span> <span class='ocrx_word' id='word_1_254' title='bbox 303 2415 456 2462; x_wconf 86' lang='lat' dir='ltr'>Netter,</span> <span class='ocrx_word' id='word_1_255' title='bbox 477 2414 640 2464; x_wconf 81' lang='lat' dir='ltr'>Anglus,</span> <span class='ocrx_word' id='word_1_256' title='bbox 660 2414 815 2452; x_wconf 83' lang='lat' dir='ltr'>Ordinis</span> <span class='ocrx_word' id='word_1_257' title='bbox 835 2415 877 2452; x_wconf 91' lang='lat' dir='ltr'>B.</span> <span class='ocrx_word' id='word_1_258' title='bbox 900 2414 951 2452; x_wconf 89' lang='lat' dir='ltr'>M.</span> <span class='ocrx_word' id='word_1_259' title='bbox 975 2417 1020 2452; x_wconf 91' lang='lat' dir='ltr'>de</span> <span class='ocrx_word' id='word_1_260' title='bbox 1039 2415 1154 2453; x_wconf 83' lang='lat' dir='ltr'>Mon-</span> 
     </span>
     <span class='ocr_line' id='line_1_45' title="bbox 215 2468 1154 2513; baseline 0.001 -8"><span class='ocrx_word' id='word_1_261' title='bbox 215 2471 253 2505; x_wconf 89' lang='lat' dir='ltr'>te</span> <span class='ocrx_word' id='word_1_262' title='bbox 274 2469 472 2513; x_wconf 86' lang='lat' dir='ltr'>Carmelo,</span> <span class='ocrx_word' id='word_1_263' title='bbox 492 2469 530 2505; x_wconf 88' lang='lat' dir='ltr'>in</span> <span class='ocrx_word' id='word_1_264' title='bbox 552 2468 715 2505; x_wconf 90' lang='lat' dir='ltr'>concilio</span> <span class='ocrx_word' id='word_1_265' title='bbox 736 2468 1022 2506; x_wconf 81' lang='lat' dir='ltr'>Constantiensi</span> <span class='ocrx_word' id='word_1_266' title='bbox 1043 2469 1154 2506; x_wconf 84' lang='lat' dir='ltr'>docte</span> 
     </span>
     <span class='ocr_line' id='line_1_46' title="bbox 215 2521 1154 2560; baseline 0.001 -2"><span class='ocrx_word' id='word_1_267' title='bbox 215 2522 437 2560; x_wconf 84' lang='lat' dir='ltr'>confutavit</span> <span class='ocrx_word' id='word_1_268' title='bbox 466 2522 645 2559; x_wconf 86' lang='lat' dir='ltr'>haereses</span> <span class='ocrx_word' id='word_1_269' title='bbox 668 2521 971 2559; x_wconf 71' lang='lat' dir='ltr'>Wieleffitavum</span> <span class='ocrx_word' id='word_1_270' title='bbox 992 2526 1030 2559; x_wconf 86' lang='lat' dir='ltr'>et</span> <span class='ocrx_word' id='word_1_271' title='bbox 1052 2523 1154 2559; x_wconf 87' lang='lat' dir='ltr'>Hus-</span> 
     </span>
     <span class='ocr_line' id='line_1_47' title="bbox 215 2575 1154 2624; baseline 0.001 -13"><span class='ocrx_word' id='word_1_272' title='bbox 215 2575 392 2620; x_wconf 82' lang='lat' dir='ltr'>sitarum,</span> <span class='ocrx_word' id='word_1_273' title='bbox 402 2575 630 2624; x_wconf 80' lang='lat' dir='ltr'>scripsitque</span> <span class='ocrx_word' id='word_1_274' title='bbox 640 2575 864 2612; x_wconf 80' lang='lat' dir='ltr'>Doctrinale</span> <span class='ocrx_word' id='word_1_275' title='bbox 876 2575 1154 2622; x_wconf 83' lang='lat' dir='ltr'>antiquitatum</span> 
     </span>
     <span class='ocr_line' id='line_1_48' title="bbox 214 2626 1155 2666; baseline 0 0"><span class='ocrx_word' id='word_1_276' title='bbox 214 2628 324 2666; x_wconf 85' lang='lat' dir='ltr'>Fidei</span> <span class='ocrx_word' id='word_1_277' title='bbox 345 2634 383 2666; x_wconf 92' lang='lat' dir='ltr'>ct</span> <span class='ocrx_word' id='word_1_278' title='bbox 405 2629 604 2666; x_wconf 81' lang='lat' dir='ltr'>Ecclesiae</span> <span class='ocrx_word' id='word_1_279' title='bbox 624 2628 837 2666; x_wconf 88' lang='lat' dir='ltr'>catholicae</span> <span class='ocrx_word' id='word_1_280' title='bbox 854 2626 879 2665; x_wconf 78' lang='lat'>⁸.</span> <span class='ocrx_word' id='word_1_281' title='bbox 904 2628 1089 2666; x_wconf 76' lang='lat' dir='ltr'>Nicolaus</span> <span class='ocrx_word' id='word_1_282' title='bbox 1110 2629 1155 2666; x_wconf 88' lang='lat' dir='ltr'>de</span> 
     </span>
    </p>
   </div>
   <div class='ocr_carea' id='block_1_3' title="bbox 213 2755 1156 3212">
    <p class='ocr_par' dir='ltr' id='par_1_3' title="bbox 215 2755 1156 2829">
     <span class='ocr_line' id='line_1_49' title="bbox 253 2755 1156 2796; baseline 0.001 -10"><span class='ocrx_word' id='word_1_283' title='bbox 253 2755 263 2776; x_wconf 92' lang='lat'>¹</span> <span class='ocrx_word' id='word_1_284' title='bbox 284 2757 420 2788; x_wconf 76' lang='lat' dir='ltr'>Bollnnd.</span> <span class='ocrx_word' id='word_1_285' title='bbox 440 2757 518 2788; x_wconf 74' lang='lat' dir='ltr'>Acta</span> <span class='ocrx_word' id='word_1_286' title='bbox 535 2755 590 2788; x_wconf 73' lang='lat' dir='ltr'>SS.</span> <span class='ocrx_word' id='word_1_287' title='bbox 606 2755 624 2786; x_wconf 87' lang='grc'><strong>5</strong></span> <span class='ocrx_word' id='word_1_288' title='bbox 641 2756 730 2796; x_wconf 85' lang='lat' dir='ltr'>april.</span> <span class='ocrx_word' id='word_1_289' title='bbox 746 2755 869 2795; x_wconf 74' lang='lat' dir='ltr'>Scripta</span> <span class='ocrx_word' id='word_1_290' title='bbox 893 2756 956 2786; x_wconf 79' lang='lat' dir='ltr'>eius</span> <span class='ocrx_word' id='word_1_291' title='bbox 983 2756 1063 2786; x_wconf 76' lang='lat' dir='ltr'>edita</span> <span class='ocrx_word' id='word_1_292' title='bbox 1087 2761 1156 2787; x_wconf 74' lang='lat' dir='ltr'>sunl</span> 
     </span>
     <span class='ocr_line' id='line_1_50' title="bbox 215 2797 542 2829; baseline 0.003 -2"><span class='ocrx_word' id='word_1_293' title='bbox 215 2797 328 2828; x_wconf 69' lang='lat' dir='ltr'>Valent.</span> <span class='ocrx_word' id='word_1_294' title='bbox 352 2798 421 2829; x_wconf 74' lang='grc'>1191</span> <span class='ocrx_word' id='word_1_295' title='bbox 443 2800 542 2829; x_wconf 83' lang='lat' dir='ltr'>iii-sol.</span> 
     </span>
    </p>

    <p class='ocr_par' dir='ltr' id='par_1_4' title="bbox 213 2838 1153 2917">
     <span class='ocr_line' id='line_1_51' title="bbox 254 2838 1153 2880; baseline -0.001 -11"><span class='ocrx_word' id='word_1_296' title='bbox 254 2840 267 2860; x_wconf 76' lang='lat'>‘²</span> <span class='ocrx_word' id='word_1_297' title='bbox 284 2840 420 2870; x_wconf 76' lang='lat' dir='ltr'>Bolland.</span> <span class='ocrx_word' id='word_1_298' title='bbox 441 2841 509 2871; x_wconf 80' lang='lat' dir='ltr'>ibid.</span> <span class='ocrx_word' id='word_1_299' title='bbox 526 2839 565 2870; x_wconf 64' lang='lat'>⁵20</span> <span class='ocrx_word' id='word_1_300' title='bbox 578 2840 660 2871; x_wconf 67' lang='lat' dir='ltr'>maii.</span> <span class='ocrx_word' id='word_1_301' title='bbox 678 2841 778 2880; x_wconf 73' lang='lat' dir='ltr'>Opera</span> <span class='ocrx_word' id='word_1_302' title='bbox 795 2839 861 2870; x_wconf 84' lang='lat' dir='ltr'>cius</span> <span class='ocrx_word' id='word_1_303' title='bbox 884 2838 965 2870; x_wconf 76' lang='lat' dir='ltr'>edita</span> <span class='ocrx_word' id='word_1_304' title='bbox 989 2843 1058 2869; x_wconf 77' lang='lat' dir='ltr'>sun!</span> <span class='ocrx_word' id='word_1_305' title='bbox 1077 2839 1153 2870; x_wconf 71' lang='lat' dir='ltr'>10:1ss</span> 
     </span>
     <span class='ocr_line' id='line_1_52' title="bbox 213 2880 573 2917; baseline 0.008 -8"><span class='ocrx_word' id='word_1_306' title='bbox 213 2884 242 2910; x_wconf 72' lang='lat' dir='ltr'>cl</span> <span class='ocrx_word' id='word_1_307' title='bbox 263 2880 349 2917; x_wconf 71' lang='lat'>¹757,</span> <span class='ocrx_word' id='word_1_308' title='bbox 366 2883 383 2911; x_wconf 72' lang='lat'>:2</span> <span class='ocrx_word' id='word_1_309' title='bbox 400 2883 446 2912; x_wconf 74' lang='lat' dir='ltr'>vol</span> <span class='ocrx_word' id='word_1_310' title='bbox 476 2882 573 2913; x_wconf 73' lang='lat' dir='ltr'>in-l&#39;ol.</span> 
     </span>
    </p>

    <p class='ocr_par' dir='ltr' id='par_1_5' title="bbox 216 2921 1150 3000">
     <span class='ocr_line' id='line_1_53' title="bbox 253 2921 1150 2962; baseline 0.001 -10"><span class='ocrx_word' id='word_1_311' title='bbox 253 2921 267 2941; x_wconf 78' lang='lat'><strong>³</strong></span> <span class='ocrx_word' id='word_1_312' title='bbox 283 2923 418 2953; x_wconf 73' lang='lat' dir='ltr'>Bulland.</span> <span class='ocrx_word' id='word_1_313' title='bbox 437 2924 507 2954; x_wconf 77' lang='lat' dir='ltr'>ibid.</span> <span class='ocrx_word' id='word_1_314' title='bbox 525 2925 542 2953; x_wconf 80' lang='lat'><strong>8</strong></span> <span class='ocrx_word' id='word_1_315' title='bbox 560 2924 620 2955; x_wconf 72' lang='lat' dir='ltr'>ian.</span> <span class='ocrx_word' id='word_1_316' title='bbox 640 2922 761 2962; x_wconf 74' lang='lat' dir='ltr'>Scripta</span> <span class='ocrx_word' id='word_1_317' title='bbox 779 2923 844 2953; x_wconf 64' lang='lat' dir='ltr'>eins=</span> <span class='ocrx_word' id='word_1_318' title='bbox 861 2922 941 2953; x_wconf 75' lang='lat' dir='ltr'>edila</span> <span class='ocrx_word' id='word_1_319' title='bbox 959 2926 1028 2952; x_wconf 76' lang='lat' dir='ltr'>sunt</span> <span class='ocrx_word' id='word_1_320' title='bbox 1044 2923 1150 2953; x_wconf 78' lang='lat' dir='ltr'>Vrnei.</span> 
     </span>
     <span class='ocr_line' id='line_1_54' title="bbox 216 2962 1060 3000; baseline -0.001 -7"><span class='ocrx_word' id='word_1_321' title='bbox 216 2962 303 3000; x_wconf 72' lang='lat'>1751,</span> <span class='ocrx_word' id='word_1_322' title='bbox 320 2964 337 2994; x_wconf 69' lang='grc' dir='ltr'>ἱ).</span> <span class='ocrx_word' id='word_1_323' title='bbox 356 2965 410 2995; x_wconf 84' lang='lat' dir='ltr'>voi.</span> <span class='ocrx_word' id='word_1_324' title='bbox 432 2966 530 2995; x_wconf 84' lang='lat' dir='ltr'>in-i&#39;ol.</span> <span class='ocrx_word' id='word_1_325' title='bbox 548 2982 581 2986; x_wconf 91' lang='lat'><strong>—</strong></span> <span class='ocrx_word' id='word_1_326' title='bbox 595 2966 608 2987; x_wconf 79' lang='lat'><strong>⁴</strong></span> <span class='ocrx_word' id='word_1_327' title='bbox 628 2965 763 2995; x_wconf 74' lang='lat' dir='ltr'>nolland.</span> <span class='ocrx_word' id='word_1_328' title='bbox 783 2965 839 2995; x_wconf 68' lang='lat' dir='ltr'>lore.</span> <span class='ocrx_word' id='word_1_329' title='bbox 857 2965 905 2999; x_wconf 76' lang='lat' dir='ltr'>cit¹</span> <span class='ocrx_word' id='word_1_330' title='bbox 930 2963 964 2994; x_wconf 82' lang='grc'>10</span> <span class='ocrx_word' id='word_1_331' title='bbox 981 2964 1060 2993; x_wconf 75' lang='lat' dir='ltr'>maii.</span> 
     </span>
    </p>

    <p class='ocr_par' dir='ltr' id='par_1_6' title="bbox 253 3005 1111 3043">
     <span class='ocr_line' id='line_1_55' title="bbox 253 3005 1111 3043; baseline 0 -7"><span class='ocrx_word' id='word_1_332' title='bbox 253 3005 267 3026; x_wconf 84' lang='lat'>5</span> <span class='ocrx_word' id='word_1_333' title='bbox 285 3006 385 3037; x_wconf 77' lang='lat' dir='ltr'>venei.</span> <span class='ocrx_word' id='word_1_334' title='bbox 405 3006 492 3043; x_wconf 67' lang='lat'>1596,</span> <span class='ocrx_word' id='word_1_335' title='bbox 513 3005 546 3036; x_wconf 79' lang='grc'>13</span> <span class='ocrx_word' id='word_1_336' title='bbox 564 3007 618 3037; x_wconf 78' lang='lat' dir='ltr'>vol.</span> <span class='ocrx_word' id='word_1_337' title='bbox 635 3015 641 3039; x_wconf 84' lang='grc'>;</span> <span class='ocrx_word' id='word_1_338' title='bbox 659 3008 760 3038; x_wconf 69' lang='lat' dir='ltr'>Goion.</span> <span class='ocrx_word' id='word_1_339' title='bbox 780 3005 867 3042; x_wconf 69' lang='lat' dir='ltr'>ini-2,</span> <span class='ocrx_word' id='word_1_340' title='bbox 883 3005 921 3036; x_wconf 72' lang='lat'>27</span> <span class='ocrx_word' id='word_1_341' title='bbox 938 3005 993 3035; x_wconf 91' lang='lat' dir='ltr'>vol.</span> <span class='ocrx_word' id='word_1_342' title='bbox 1012 3005 1111 3036; x_wconf 81' lang='lat' dir='ltr'>in-i&#39;ol.</span> 
     </span>
    </p>

    <p class='ocr_par' dir='ltr' id='par_1_7' title="bbox 214 3046 1151 3169">
     <span class='ocr_line' id='line_1_56' title="bbox 252 3046 1151 3079; baseline 0.001 -3"><span class='ocrx_word' id='word_1_343' title='bbox 252 3047 266 3066; x_wconf 60' lang='lat'>&#39;⁶&#39;</span> <span class='ocrx_word' id='word_1_344' title='bbox 284 3048 373 3078; x_wconf 77' lang='lat' dir='ltr'>Liber</span> <span class='ocrx_word' id='word_1_345' title='bbox 389 3050 453 3079; x_wconf 74' lang='lat' dir='ltr'>eins</span> <span class='ocrx_word' id='word_1_346' title='bbox 469 3049 506 3079; x_wconf 85' lang='lat' dir='ltr'>de</span> <span class='ocrx_word' id='word_1_347' title='bbox 523 3049 709 3079; x_wconf 73' lang='lat' dir='ltr'>anctoritate</span> <span class='ocrx_word' id='word_1_348' title='bbox 727 3049 883 3079; x_wconf 72' lang='lat' dir='ltr'>Ecclesiae</span> <span class='ocrx_word' id='word_1_349' title='bbox 899 3052 927 3078; x_wconf 84' lang='lat' dir='ltr'>el</span> <span class='ocrx_word' id='word_1_350' title='bbox 946 3046 1151 3077; x_wconf 78' lang='lat' dir='ltr'>Cnrdinnlinin</span> 
     </span>
     <span class='ocr_line' id='line_1_57' title="bbox 214 3089 1150 3128; baseline 0 -11"><span class='ocrx_word' id='word_1_351' title='bbox 214 3092 294 3118; x_wconf 70' lang='lat' dir='ltr'>rxlcil</span> <span class='ocrx_word' id='word_1_352' title='bbox 312 3090 636 3128; x_wconf 67' lang='lat' dir='ltr'>inlri‘{)p·zra(&#39;·ci·soiiii</span> <span class='ocrx_word' id='word_1_353' title='bbox 652 3094 669 3119; x_wconf 84' lang='grc'>1.</span> <span class='ocrx_word' id='word_1_354' title='bbox 682 3090 773 3126; x_wconf 64' lang='lat' dir='ltr'>halin</span> <span class='ocrx_word' id='word_1_355' title='bbox 787 3090 865 3120; x_wconf 76' lang='lat' dir='ltr'>edila</span> <span class='ocrx_word' id='word_1_356' title='bbox 875 3089 1150 3128; x_wconf 74' lang='lat' dir='ltr'>sniilArgenloi·ni.</span> 
     </span>
     <span class='ocr_line' id='line_1_58' title="bbox 214 3129 1116 3169; baseline 0.003 -12"><span class='ocrx_word' id='word_1_357' title='bbox 214 3129 380 3161; x_wconf 61' lang='lat' dir='ltr'>in-i&#39;ol.—«7</span> <span class='ocrx_word' id='word_1_358' title='bbox 397 3133 481 3161; x_wconf 68' lang='lat' dir='ltr'>Edita</span> <span class='ocrx_word' id='word_1_359' title='bbox 497 3135 567 3162; x_wconf 71' lang='lat' dir='ltr'>sunt</span> <span class='ocrx_word' id='word_1_360' title='bbox 579 3131 617 3160; x_wconf 76' lang='lat' dir='ltr'>:ili</span> <span class='ocrx_word' id='word_1_361' title='bbox 635 3132 666 3162; x_wconf 78' lang='grc' dir='ltr'>Ε.</span> <span class='ocrx_word' id='word_1_362' title='bbox 679 3132 775 3169; x_wconf 81' lang='lat' dir='ltr'>anin</span> <span class='ocrx_word' id='word_1_363' title='bbox 798 3130 883 3168; x_wconf 70' lang='lat'>1706,</span> <span class='ocrx_word' id='word_1_364' title='bbox 901 3132 918 3162; x_wconf 83' lang='lat'>5</span> <span class='ocrx_word' id='word_1_365' title='bbox 934 3134 1004 3162; x_wconf 80' lang='lat' dir='ltr'>toni.</span> <span class='ocrx_word' id='word_1_366' title='bbox 1021 3130 1116 3161; x_wconf 85' lang='lat' dir='ltr'>in-l&#39;ol.</span> 
     </span>
    </p>

    <p class='ocr_par' dir='ltr' id='par_1_8' title="bbox 255 3171 826 3212">
     <span class='ocr_line' id='line_1_59' title="bbox 255 3171 826 3212; baseline 0.004 -12"><span class='ocrx_word' id='word_1_367' title='bbox 255 3171 268 3192; x_wconf 73' lang='grc' dir='ltr'>Β</span> <span class='ocrx_word' id='word_1_368' title='bbox 285 3172 385 3203; x_wconf 79' lang='lat' dir='ltr'>Venct.</span> <span class='ocrx_word' id='word_1_369' title='bbox 407 3173 492 3212; x_wconf 75' lang='lat'>157¹,</span> <span class='ocrx_word' id='word_1_370' title='bbox 508 3177 536 3204; x_wconf 76' lang='lat' dir='ltr'>et</span> <span class='ocrx_word' id='word_1_371' title='bbox 556 3172 642 3211; x_wconf 74' lang='lat'>1757,</span> <span class='ocrx_word' id='word_1_372' title='bbox 660 3171 678 3203; x_wconf 74' lang='lat'><strong>3</strong></span> <span class='ocrx_word' id='word_1_373' title='bbox 694 3177 712 3204; x_wconf 78' lang='lat' dir='ltr'>l.</span> <span class='ocrx_word' id='word_1_374' title='bbox 728 3173 826 3204; x_wconf 80' lang='lat' dir='ltr'>iu-sol.</span> 
     </span>
    </p>
   </div>
   <div class='ocr_carea' id='block_1_4' title="bbox 716 104 1703 144">
    <p class='ocr_par' dir='ltr' id='par_1_9' title="bbox 716 104 1703 144">
     <span class='ocr_line' id='line_1_60' title="bbox 716 104 1703 144; baseline -0.003 -7"><span class='ocrx_word' id='word_1_375' title='bbox 716 108 869 144; x_wconf 70' lang='lat' dir='ltr'>EPOCHA</span> <span class='ocrx_word' id='word_1_376' title='bbox 897 109 951 136; x_wconf 86' lang='lat' dir='ltr'>IX.</span> <span class='ocrx_word' id='word_1_377' title='bbox 981 107 1033 134; x_wconf 83' lang='lat' dir='ltr'>AB</span> <span class='ocrx_word' id='word_1_378' title='bbox 1061 105 1187 134; x_wconf 83' lang='lat' dir='ltr'>1N1T10</span> <span class='ocrx_word' id='word_1_379' title='bbox 1217 104 1450 133; x_wconf 81' lang='lat' dir='ltr'>scfflsMA&#39;rls</span> <span class='ocrx_word' id='word_1_380' title='bbox 1479 105 1703 134; x_wconf 85' lang='lat' dir='ltr'>OGCIDENTIS</span> 
     </span>
    </p>
   </div>
   <div class='ocr_carea' id='block_1_5' title="bbox 1194 172 2147 2994">
    <p class='ocr_par' dir='ltr' id='par_1_10' title="bbox 1194 172 2147 2084">
     <span class='ocr_line' id='line_1_61' title="bbox 1199 172 2140 219; baseline 0.002 -8"><span class='ocrx_word' id='word_1_381' title='bbox 1199 173 1315 219; x_wconf 89' lang='lat' dir='ltr'>Cusa,</span> <span class='ocrx_word' id='word_1_382' title='bbox 1336 184 1386 210; x_wconf 87' lang='lat' dir='ltr'>ex</span> <span class='ocrx_word' id='word_1_383' title='bbox 1405 172 1679 211; x_wconf 86' lang='lat' dir='ltr'>archidiacono</span> <span class='ocrx_word' id='word_1_384' title='bbox 1697 173 1904 214; x_wconf 87' lang='lat' dir='ltr'>Leodiensi</span> <span class='ocrx_word' id='word_1_385' title='bbox 1924 175 1964 212; x_wconf 89' lang='lat' dir='ltr'>et</span> <span class='ocrx_word' id='word_1_386' title='bbox 1983 174 2140 214; x_wconf 87' lang='lat' dir='ltr'>concilii</span> 
     </span>
     <span class='ocr_line' id='line_1_62' title="bbox 1197 224 2141 278; baseline 0.004 -16"><span class='ocrx_word' id='word_1_387' title='bbox 1197 226 1429 263; x_wconf 88' lang='lat' dir='ltr'>Basileensis</span> <span class='ocrx_word' id='word_1_388' title='bbox 1454 224 1610 263; x_wconf 84' lang='lat' dir='ltr'>fautore</span> <span class='ocrx_word' id='word_1_389' title='bbox 1631 226 1810 265; x_wconf 85' lang='lat' dir='ltr'>defensor</span> <span class='ocrx_word' id='word_1_390' title='bbox 1828 228 1996 278; x_wconf 88' lang='lat' dir='ltr'>Eugenii</span> <span class='ocrx_word' id='word_1_391' title='bbox 2025 228 2080 265; x_wconf 93' lang='lat' dir='ltr'>IV</span> <span class='ocrx_word' id='word_1_392' title='bbox 2100 230 2141 267; x_wconf 90' lang='lat' dir='ltr'>et</span> 
     </span>
     <span class='ocr_line' id='line_1_63' title="bbox 1194 279 2139 330; baseline 0.004 -15"><span class='ocrx_word' id='word_1_393' title='bbox 1194 279 1402 316; x_wconf 88' lang='lat' dir='ltr'>cardinalis</span> <span class='ocrx_word' id='word_1_394' title='bbox 1410 279 1610 328; x_wconf 88' lang='lat' dir='ltr'>episcopus</span> <span class='ocrx_word' id='word_1_395' title='bbox 1619 279 2035 330; x_wconf 83' lang='lat' dir='ltr'>Brixinensis,reliquit</span> <span class='ocrx_word' id='word_1_396' title='bbox 2045 281 2139 319; x_wconf 81' lang='lat' dir='ltr'>Tra-</span> 
     </span>
     <span class='ocr_line' id='line_1_64' title="bbox 1197 332 2142 382; baseline 0.003 -13"><span class='ocrx_word' id='word_1_397' title='bbox 1197 334 1324 370; x_wconf 86' lang='lat' dir='ltr'>ctatus</span> <span class='ocrx_word' id='word_1_398' title='bbox 1343 332 1583 381; x_wconf 82' lang='lat' dir='ltr'>theologicos</span> <span class='ocrx_word' id='word_1_399' title='bbox 1603 333 1652 370; x_wconf 92' lang='lat' dir='ltr'>de</span> <span class='ocrx_word' id='word_1_400' title='bbox 1671 334 1882 382; x_wconf 78' lang='lat' dir='ltr'>mysteriis,</span> <span class='ocrx_word' id='word_1_401' title='bbox 1901 334 2021 372; x_wconf 88' lang='lat' dir='ltr'>libros</span> <span class='ocrx_word' id='word_1_402' title='bbox 2050 335 2075 373; x_wconf 91' lang='lat'><strong>3</strong></span> <span class='ocrx_word' id='word_1_403' title='bbox 2095 335 2142 372; x_wconf 88' lang='lat' dir='ltr'>de</span> 
     </span>
     <span class='ocr_line' id='line_1_65' title="bbox 1198 385 2144 434; baseline 0.003 -12"><span class='ocrx_word' id='word_1_404' title='bbox 1198 386 1310 423; x_wconf 88' lang='lat' dir='ltr'>docta</span> <span class='ocrx_word' id='word_1_405' title='bbox 1338 385 1574 434; x_wconf 83' lang='lat' dir='ltr'>ignorantia,</span> <span class='ocrx_word' id='word_1_406' title='bbox 1604 385 1723 423; x_wconf 90' lang='lat' dir='ltr'>libros</span> <span class='ocrx_word' id='word_1_407' title='bbox 1742 386 1906 424; x_wconf 87' lang='lat' dir='ltr'>totidem</span> <span class='ocrx_word' id='word_1_408' title='bbox 1928 387 2144 425; x_wconf 87' lang='lat' dir='ltr'>Cribratio-</span> 
     </span>
     <span class='ocr_line' id='line_1_66' title="bbox 1199 439 2144 490; baseline 0.003 -14"><span class='ocrx_word' id='word_1_409' title='bbox 1199 451 1292 476; x_wconf 87' lang='lat' dir='ltr'>num</span> <span class='ocrx_word' id='word_1_410' title='bbox 1321 439 1520 485; x_wconf 88' lang='lat' dir='ltr'>Aleorani,</span> <span class='ocrx_word' id='word_1_411' title='bbox 1540 439 1753 477; x_wconf 88' lang='lat' dir='ltr'>Tractatus</span> <span class='ocrx_word' id='word_1_412' title='bbox 1773 439 1820 476; x_wconf 89' lang='lat' dir='ltr'>de</span> <span class='ocrx_word' id='word_1_413' title='bbox 1844 441 2026 488; x_wconf 88' lang='lat' dir='ltr'>mathesi,</span> <span class='ocrx_word' id='word_1_414' title='bbox 2044 453 2144 490; x_wconf 89' lang='lat' dir='ltr'>geo-</span> 
     </span>
     <span class='ocr_line' id='line_1_67' title="bbox 1199 490 2144 543; baseline 0.002 -14"><span class='ocrx_word' id='word_1_415' title='bbox 1199 493 1350 538; x_wconf 86' lang='lat' dir='ltr'>metria,</span> <span class='ocrx_word' id='word_1_416' title='bbox 1372 492 1622 538; x_wconf 83' lang='lat' dir='ltr'>astronomia,</span> <span class='ocrx_word' id='word_1_417' title='bbox 1643 492 1806 540; x_wconf 86' lang='lat' dir='ltr'>aliisque</span> <span class='ocrx_word' id='word_1_418' title='bbox 1827 490 1852 531; x_wconf 79' lang='lat'>¹.</span> <span class='ocrx_word' id='word_1_419' title='bbox 1876 493 2144 543; x_wconf 87' lang='lat' dir='ltr'>Hieronymus</span> 
     </span>
     <span class='ocr_line' id='line_1_68' title="bbox 1198 545 2144 592; baseline 0.002 -9"><span class='ocrx_word' id='word_1_420' title='bbox 1198 557 1222 583; x_wconf 89' lang='lat' dir='ltr'>a</span> <span class='ocrx_word' id='word_1_421' title='bbox 1241 557 1270 583; x_wconf 90' lang='lat' dir='ltr'>s.</span> <span class='ocrx_word' id='word_1_422' title='bbox 1292 546 1400 592; x_wconf 84' lang='lat' dir='ltr'>Fide,</span> <span class='ocrx_word' id='word_1_423' title='bbox 1415 559 1435 583; x_wconf 92' lang='lat' dir='ltr'>e</span> <span class='ocrx_word' id='word_1_424' title='bbox 1452 546 1591 583; x_wconf 87' lang='lat' dir='ltr'>iudaeo</span> <span class='ocrx_word' id='word_1_425' title='bbox 1607 545 1857 592; x_wconf 84' lang='lat' dir='ltr'>christianus,</span> <span class='ocrx_word' id='word_1_426' title='bbox 1873 557 1935 583; x_wconf 87' lang='lat' dir='ltr'>an.</span> <span class='ocrx_word' id='word_1_427' title='bbox 1955 546 2056 585; x_wconf 90' lang='lat'>1413</span> <span class='ocrx_word' id='word_1_428' title='bbox 2071 548 2144 585; x_wconf 89' lang='lat' dir='ltr'>Ge-</span> 
     </span>
     <span class='ocr_line' id='line_1_69' title="bbox 1199 599 2146 638; baseline 0.002 -2"><span class='ocrx_word' id='word_1_429' title='bbox 1199 610 1315 636; x_wconf 87' lang='lat' dir='ltr'>ronae</span> <span class='ocrx_word' id='word_1_430' title='bbox 1335 599 1375 636; x_wconf 91' lang='lat' dir='ltr'>in</span> <span class='ocrx_word' id='word_1_431' title='bbox 1397 599 1630 638; x_wconf 85' lang='lat' dir='ltr'>Catalaunia</span> <span class='ocrx_word' id='word_1_432' title='bbox 1650 611 1739 637; x_wconf 89' lang='lat' dir='ltr'>cum</span> <span class='ocrx_word' id='word_1_433' title='bbox 1761 599 1992 637; x_wconf 84' lang='lat' dir='ltr'>Iudaeorum</span> <span class='ocrx_word' id='word_1_434' title='bbox 2017 600 2146 638; x_wconf 81' lang='lat' dir='ltr'>docto-</span> 
     </span>
     <span class='ocr_line' id='line_1_70' title="bbox 1198 652 2144 702; baseline 0.001 -12"><span class='ocrx_word' id='word_1_435' title='bbox 1198 653 1304 690; x_wconf 84' lang='lat' dir='ltr'>ribus</span> <span class='ocrx_word' id='word_1_436' title='bbox 1323 653 1475 701; x_wconf 89' lang='lat' dir='ltr'>publice</span> <span class='ocrx_word' id='word_1_437' title='bbox 1492 652 1735 701; x_wconf 86' lang='lat' dir='ltr'>disceptavit,</span> <span class='ocrx_word' id='word_1_438' title='bbox 1756 652 1988 702; x_wconf 88' lang='lat' dir='ltr'>scripsitque</span> <span class='ocrx_word' id='word_1_439' title='bbox 2001 652 2144 691; x_wconf 83' lang='lat' dir='ltr'>librum</span> 
     </span>
     <span class='ocr_line' id='line_1_71' title="bbox 1198 706 2146 746; baseline 0.004 -4"><span class='ocrx_word' id='word_1_440' title='bbox 1198 709 1333 743; x_wconf 87' lang='lat' dir='ltr'>contra</span> <span class='ocrx_word' id='word_1_441' title='bbox 1351 707 1579 744; x_wconf 86' lang='lat' dir='ltr'>Iudaeorum</span> <span class='ocrx_word' id='word_1_442' title='bbox 1597 717 1750 743; x_wconf 87' lang='lat' dir='ltr'>errores</span> <span class='ocrx_word' id='word_1_443' title='bbox 1769 708 1809 743; x_wconf 89' lang='lat' dir='ltr'>et</span> <span class='ocrx_word' id='word_1_444' title='bbox 1828 706 1995 743; x_wconf 84' lang='lat' dir='ltr'>alterum</span> <span class='ocrx_word' id='word_1_445' title='bbox 2012 708 2146 746; x_wconf 84' lang='lat' dir='ltr'>contra</span> 
     </span>
     <span class='ocr_line' id='line_1_72' title="bbox 1199 759 2143 806; baseline 0 -10"><span class='ocrx_word' id='word_1_446' title='bbox 1199 771 1332 796; x_wconf 89' lang='lat' dir='ltr'>eorum</span> <span class='ocrx_word' id='word_1_447' title='bbox 1362 759 1542 797; x_wconf 88' lang='lat' dir='ltr'>Talmud.</span> <span class='ocrx_word' id='word_1_448' title='bbox 1565 759 1706 797; x_wconf 88' lang='lat' dir='ltr'>Petrus</span> <span class='ocrx_word' id='word_1_449' title='bbox 1727 759 1772 796; x_wconf 92' lang='lat' dir='ltr'>de</span> <span class='ocrx_word' id='word_1_450' title='bbox 1792 759 2037 806; x_wconf 84' lang='lat' dir='ltr'>Ancharano,</span> <span class='ocrx_word' id='word_1_451' title='bbox 2061 759 2143 797; x_wconf 94' lang='lat' dir='ltr'>Bo-</span> 
     </span>
     <span class='ocr_line' id='line_1_73' title="bbox 1199 812 2143 858; baseline 0.002 -9"><span class='ocrx_word' id='word_1_452' title='bbox 1199 813 1412 858; x_wconf 89' lang='lat' dir='ltr'>noniensis,</span> <span class='ocrx_word' id='word_1_453' title='bbox 1441 813 1562 850; x_wconf 89' lang='lat' dir='ltr'>edidit</span> <span class='ocrx_word' id='word_1_454' title='bbox 1583 812 1874 850; x_wconf 89' lang='lat' dir='ltr'>Commentaria</span> <span class='ocrx_word' id='word_1_455' title='bbox 1893 812 1930 849; x_wconf 90' lang='lat' dir='ltr'>in</span> <span class='ocrx_word' id='word_1_456' title='bbox 1950 812 2143 851; x_wconf 85' lang='lat' dir='ltr'>Decreta-</span> 
     </span>
     <span class='ocr_line' id='line_1_74' title="bbox 1198 865 2147 913; baseline 0.001 -10"><span class='ocrx_word' id='word_1_457' title='bbox 1198 866 1254 904; x_wconf 90' lang='lat' dir='ltr'>les</span> <span class='ocrx_word' id='word_1_458' title='bbox 1269 868 1308 904; x_wconf 89' lang='lat' dir='ltr'>et</span> <span class='ocrx_word' id='word_1_459' title='bbox 1329 866 1365 903; x_wconf 90' lang='lat' dir='ltr'>in</span> <span class='ocrx_word' id='word_1_460' title='bbox 1387 866 1658 904; x_wconf 88' lang='lat' dir='ltr'>Clementinas.</span> <span class='ocrx_word' id='word_1_461' title='bbox 1675 865 1909 903; x_wconf 83' lang='lat' dir='ltr'>Franciscus</span> <span class='ocrx_word' id='word_1_462' title='bbox 1928 865 2147 913; x_wconf 84' lang='lat' dir='ltr'>Zabarella,</span> 
     </span>
     <span class='ocr_line' id='line_1_75' title="bbox 1200 918 2142 965; baseline 0 -8"><span class='ocrx_word' id='word_1_463' title='bbox 1200 919 1430 965; x_wconf 78' lang='lat' dir='ltr'>Patavinus,</span> <span class='ocrx_word' id='word_1_464' title='bbox 1450 921 1521 957; x_wconf 88' lang='lat' dir='ltr'>sub</span> <span class='ocrx_word' id='word_1_465' title='bbox 1541 919 1685 957; x_wconf 89' lang='lat' dir='ltr'>Ioanne</span> <span class='ocrx_word' id='word_1_466' title='bbox 1705 919 1843 957; x_wconf 88' lang='lat' dir='ltr'><strong>XXIII</strong></span> <span class='ocrx_word' id='word_1_467' title='bbox 1866 918 2079 958; x_wconf 85' lang='lat' dir='ltr'>cardinalis</span> <span class='ocrx_word' id='word_1_468' title='bbox 2097 931 2142 957; x_wconf 89' lang='lat' dir='ltr'>e-</span> 
     </span>
     <span class='ocr_line' id='line_1_76' title="bbox 1201 971 2146 1022; baseline 0 -12"><span class='ocrx_word' id='word_1_469' title='bbox 1201 973 1376 1022; x_wconf 90' lang='lat' dir='ltr'>piseopus</span> <span class='ocrx_word' id='word_1_470' title='bbox 1392 973 1654 1019; x_wconf 87' lang='lat' dir='ltr'>Florentinus,</span> <span class='ocrx_word' id='word_1_471' title='bbox 1670 973 1774 1010; x_wconf 91' lang='lat' dir='ltr'>inter</span> <span class='ocrx_word' id='word_1_472' title='bbox 1788 972 1863 1009; x_wconf 89' lang='lat' dir='ltr'>alia</span> <span class='ocrx_word' id='word_1_473' title='bbox 1875 971 2032 1021; x_wconf 88' lang='lat' dir='ltr'>scripsit</span> <span class='ocrx_word' id='word_1_474' title='bbox 2042 984 2146 1010; x_wconf 57' lang='lat' dir='ltr'>com*</span> 
     </span>
     <span class='ocr_line' id='line_1_77' title="bbox 1199 1025 2139 1074; baseline 0.001 -11"><span class='ocrx_word' id='word_1_475' title='bbox 1199 1027 1389 1064; x_wconf 76' lang='lat' dir='ltr'>ment-aria</span> <span class='ocrx_word' id='word_1_476' title='bbox 1416 1027 1456 1063; x_wconf 89' lang='lat' dir='ltr'>in</span> <span class='ocrx_word' id='word_1_477' title='bbox 1484 1025 1707 1064; x_wconf 87' lang='lat' dir='ltr'>Decretales</span> <span class='ocrx_word' id='word_1_478' title='bbox 1727 1028 1767 1063; x_wconf 92' lang='lat' dir='ltr'>et</span> <span class='ocrx_word' id='word_1_479' title='bbox 1786 1026 1826 1062; x_wconf 91' lang='lat' dir='ltr'>in</span> <span class='ocrx_word' id='word_1_480' title='bbox 1845 1025 2139 1074; x_wconf 85' lang='lat' dir='ltr'>Clementinas3</span> 
     </span>
     <span class='ocr_line' id='line_1_78' title="bbox 1201 1079 2144 1128; baseline 0 -11"><span class='ocrx_word' id='word_1_481' title='bbox 1201 1084 1241 1117; x_wconf 86' lang='lat' dir='ltr'>et</span> <span class='ocrx_word' id='word_1_482' title='bbox 1270 1081 1481 1118; x_wconf 87' lang='lat' dir='ltr'>tractatum</span> <span class='ocrx_word' id='word_1_483' title='bbox 1508 1080 1554 1116; x_wconf 88' lang='lat' dir='ltr'>de</span> <span class='ocrx_word' id='word_1_484' title='bbox 1574 1080 1798 1124; x_wconf 85' lang='lat' dir='ltr'>schismate,</span> <span class='ocrx_word' id='word_1_485' title='bbox 1819 1079 1859 1116; x_wconf 91' lang='lat' dir='ltr'>in</span> <span class='ocrx_word' id='word_1_486' title='bbox 1880 1091 1957 1128; x_wconf 93' lang='lat' dir='ltr'>quo</span> <span class='ocrx_word' id='word_1_487' title='bbox 1979 1079 2144 1118; x_wconf 89' lang='lat' dir='ltr'>liberius</span> 
     </span>
     <span class='ocr_line' id='line_1_79' title="bbox 1201 1132 2142 1181; baseline 0.001 -11"><span class='ocrx_word' id='word_1_488' title='bbox 1201 1133 1376 1181; x_wconf 89' lang='lat' dir='ltr'>loquitur</span> <span class='ocrx_word' id='word_1_489' title='bbox 1404 1134 1451 1170; x_wconf 91' lang='lat' dir='ltr'>de</span> <span class='ocrx_word' id='word_1_490' title='bbox 1482 1132 1738 1171; x_wconf 88' lang='lat' dir='ltr'>Pontificibus</span> <span class='ocrx_word' id='word_1_491' title='bbox 1758 1135 1798 1170; x_wconf 91' lang='lat' dir='ltr'>et</span> <span class='ocrx_word' id='word_1_492' title='bbox 1819 1132 1929 1170; x_wconf 86' lang='lat' dir='ltr'>curia</span> <span class='ocrx_word' id='word_1_493' title='bbox 1951 1133 2142 1172; x_wconf 86' lang='lat' dir='ltr'>Romana.</span> 
     </span>
     <span class='ocr_line' id='line_1_80' title="bbox 1202 1185 2144 1236; baseline 0 -12"><span class='ocrx_word' id='word_1_494' title='bbox 1202 1188 1351 1224; x_wconf 86' lang='lat' dir='ltr'>Aeneas</span> <span class='ocrx_word' id='word_1_495' title='bbox 1359 1187 1522 1236; x_wconf 82' lang='lat' dir='ltr'>Sylvius</span> <span class='ocrx_word' id='word_1_496' title='bbox 1532 1186 1794 1231; x_wconf 87' lang='lat' dir='ltr'>Pieeolomini,</span> <span class='ocrx_word' id='word_1_497' title='bbox 1803 1185 2000 1232; x_wconf 88' lang='lat' dir='ltr'>Senensis,</span> <span class='ocrx_word' id='word_1_498' title='bbox 2008 1188 2144 1236; x_wconf 88' lang='lat' dir='ltr'>postea</span> 
     </span>
     <span class='ocr_line' id='line_1_81' title="bbox 1203 1239 2144 1289; baseline 0.001 -12"><span class='ocrx_word' id='word_1_499' title='bbox 1203 1252 1302 1289; x_wconf 89' lang='lat' dir='ltr'>papa</span> <span class='ocrx_word' id='word_1_500' title='bbox 1325 1242 1397 1278; x_wconf 88' lang='lat' dir='ltr'>sub</span> <span class='ocrx_word' id='word_1_501' title='bbox 1420 1241 1571 1277; x_wconf 88' lang='lat' dir='ltr'>nomine</span> <span class='ocrx_word' id='word_1_502' title='bbox 1592 1240 1654 1277; x_wconf 88' lang='lat' dir='ltr'>Pii</span> <span class='ocrx_word' id='word_1_503' title='bbox 1675 1240 1736 1286; x_wconf 78' lang='lat'>113</span> <span class='ocrx_word' id='word_1_504' title='bbox 1765 1240 1921 1289; x_wconf 83' lang='lat' dir='ltr'>praeter</span> <span class='ocrx_word' id='word_1_505' title='bbox 1947 1239 2026 1278; x_wconf 87' lang='lat' dir='ltr'>alia</span> <span class='ocrx_word' id='word_1_506' title='bbox 2058 1240 2144 1278; x_wconf 88' lang='lat' dir='ltr'>edi-</span> 
     </span>
     <span class='ocr_line' id='line_1_82' title="bbox 1203 1292 2144 1342; baseline 0 -12"><span class='ocrx_word' id='word_1_507' title='bbox 1203 1294 1259 1331; x_wconf 91' lang='lat' dir='ltr'>dit</span> <span class='ocrx_word' id='word_1_508' title='bbox 1279 1294 1575 1331; x_wconf 86' lang='lat' dir='ltr'>commentarios</span> <span class='ocrx_word' id='word_1_509' title='bbox 1587 1293 1634 1330; x_wconf 92' lang='lat' dir='ltr'>de</span> <span class='ocrx_word' id='word_1_510' title='bbox 1645 1293 1765 1342; x_wconf 87' lang='lat' dir='ltr'>gestis</span> <span class='ocrx_word' id='word_1_511' title='bbox 1782 1292 1934 1330; x_wconf 89' lang='lat' dir='ltr'>concilii</span> <span class='ocrx_word' id='word_1_512' title='bbox 1950 1293 2144 1331; x_wconf 85' lang='lat' dir='ltr'>Basileen-</span> 
     </span>
     <span class='ocr_line' id='line_1_83' title="bbox 1203 1346 2142 1395; baseline 0 -11"><span class='ocrx_word' id='word_1_513' title='bbox 1203 1348 1268 1392; x_wconf 88' lang='lat' dir='ltr'>sis,</span> <span class='ocrx_word' id='word_1_514' title='bbox 1279 1347 1480 1384; x_wconf 84' lang='lat' dir='ltr'>historiam</span> <span class='ocrx_word' id='word_1_515' title='bbox 1495 1347 1717 1392; x_wconf 86' lang='lat' dir='ltr'>Bohemiae,</span> <span class='ocrx_word' id='word_1_516' title='bbox 1728 1357 1788 1383; x_wconf 90' lang='lat' dir='ltr'>res</span> <span class='ocrx_word' id='word_1_517' title='bbox 1804 1348 1936 1395; x_wconf 85' lang='lat' dir='ltr'>gestas</span> <span class='ocrx_word' id='word_1_518' title='bbox 1951 1346 2142 1384; x_wconf 87' lang='lat' dir='ltr'>Friderici</span> 
     </span>
     <span class='ocr_line' id='line_1_84' title="bbox 1204 1397 2143 1449; baseline 0.001 -12"><span class='ocrx_word' id='word_1_519' title='bbox 1204 1400 1271 1445; x_wconf 83' lang='lat'>111,</span> <span class='ocrx_word' id='word_1_520' title='bbox 1283 1400 1618 1449; x_wconf 83' lang='lat' dir='ltr'>cosmographiam</span> <span class='ocrx_word' id='word_1_521' title='bbox 1629 1397 1658 1437; x_wconf 78' lang='lat'>².</span> <span class='ocrx_word' id='word_1_522' title='bbox 1672 1399 1937 1437; x_wconf 83' lang='lat' dir='ltr'>Theodericus</span> <span class='ocrx_word' id='word_1_523' title='bbox 1953 1400 1999 1437; x_wconf 91' lang='lat' dir='ltr'>de</span> <span class='ocrx_word' id='word_1_524' title='bbox 2015 1399 2143 1446; x_wconf 88' lang='lat' dir='ltr'>Niem,</span> 
     </span>
     <span class='ocr_line' id='line_1_85' title="bbox 1203 1452 2146 1502; baseline 0.001 -13"><span class='ocrx_word' id='word_1_525' title='bbox 1203 1453 1368 1490; x_wconf 88' lang='lat' dir='ltr'>clericus</span> <span class='ocrx_word' id='word_1_526' title='bbox 1388 1453 1574 1490; x_wconf 87' lang='lat' dir='ltr'>Lucensis</span> <span class='ocrx_word' id='word_1_527' title='bbox 1595 1456 1635 1490; x_wconf 89' lang='lat' dir='ltr'>et</span> <span class='ocrx_word' id='word_1_528' title='bbox 1654 1453 1876 1490; x_wconf 84' lang='lat' dir='ltr'>litterarum</span> <span class='ocrx_word' id='word_1_529' title='bbox 1905 1452 2146 1502; x_wconf 87' lang='lat' dir='ltr'>apostolica-</span> 
     </span>
     <span class='ocr_line' id='line_1_86' title="bbox 1203 1505 2146 1555; baseline 0.002 -13"><span class='ocrx_word' id='word_1_530' title='bbox 1203 1517 1291 1543; x_wconf 89' lang='lat' dir='ltr'>rum</span> <span class='ocrx_word' id='word_1_531' title='bbox 1311 1506 1584 1551; x_wconf 87' lang='lat' dir='ltr'>Abbreviator,</span> <span class='ocrx_word' id='word_1_532' title='bbox 1599 1505 1755 1553; x_wconf 86' lang='lat' dir='ltr'>scripsit</span> <span class='ocrx_word' id='word_1_533' title='bbox 1773 1505 1949 1543; x_wconf 84' lang='lat' dir='ltr'>liberiori</span> <span class='ocrx_word' id='word_1_534' title='bbox 1966 1505 2086 1555; x_wconf 80' lang='lat' dir='ltr'>stylo,</span> <span class='ocrx_word' id='word_1_535' title='bbox 2106 1509 2146 1544; x_wconf 83' lang='lat' dir='ltr'>et</span> 
     </span>
     <span class='ocr_line' id='line_1_87' title="bbox 1202 1558 2145 1606; baseline 0.002 -12"><span class='ocrx_word' id='word_1_536' title='bbox 1202 1558 1240 1595; x_wconf 88' lang='lat' dir='ltr'>in</span> <span class='ocrx_word' id='word_1_537' title='bbox 1270 1559 1484 1596; x_wconf 87' lang='lat' dir='ltr'>Pontifices</span> <span class='ocrx_word' id='word_1_538' title='bbox 1513 1559 1624 1596; x_wconf 84' lang='lat' dir='ltr'>istius</span> <span class='ocrx_word' id='word_1_539' title='bbox 1644 1558 1831 1606; x_wconf 86' lang='lat' dir='ltr'>temporis</span> <span class='ocrx_word' id='word_1_540' title='bbox 1851 1558 2042 1596; x_wconf 87' lang='lat' dir='ltr'>acerbiori</span> <span class='ocrx_word' id='word_1_541' title='bbox 2061 1570 2145 1596; x_wconf 82' lang='lat' dir='ltr'>mo-</span> 
     </span>
     <span class='ocr_line' id='line_1_88' title="bbox 1202 1611 2146 1658; baseline 0.003 -10"><span class='ocrx_word' id='word_1_542' title='bbox 1202 1612 1262 1658; x_wconf 94' lang='lat' dir='ltr'>do,</span> <span class='ocrx_word' id='word_1_543' title='bbox 1272 1612 1475 1648; x_wconf 89' lang='lat' dir='ltr'>historiam</span> <span class='ocrx_word' id='word_1_544' title='bbox 1490 1611 1710 1649; x_wconf 88' lang='lat' dir='ltr'>schismatis</span> <span class='ocrx_word' id='word_1_545' title='bbox 1717 1611 2084 1650; x_wconf 87' lang='lat' dir='ltr'>Occidentalis.Nic.</span> <span class='ocrx_word' id='word_1_546' title='bbox 2097 1615 2146 1650; x_wconf 79' lang='lat' dir='ltr'>de</span> 
     </span>
     <span class='ocr_line' id='line_1_89' title="bbox 1203 1664 2145 1714; baseline 0 -11"><span class='ocrx_word' id='word_1_547' title='bbox 1203 1664 1441 1714; x_wconf 88' lang='lat' dir='ltr'>Clemangis,</span> <span class='ocrx_word' id='word_1_548' title='bbox 1461 1664 1743 1703; x_wconf 88' lang='lat' dir='ltr'>Universitatis</span> <span class='ocrx_word' id='word_1_549' title='bbox 1763 1664 1994 1703; x_wconf 87' lang='lat' dir='ltr'>Parisiensis</span> <span class='ocrx_word' id='word_1_550' title='bbox 2013 1667 2145 1703; x_wconf 88' lang='lat' dir='ltr'>rector</span> 
     </span>
     <span class='ocr_line' id='line_1_90' title="bbox 1200 1718 2142 1766; baseline 0.002 -11"><span class='ocrx_word' id='word_1_551' title='bbox 1200 1722 1239 1755; x_wconf 89' lang='lat' dir='ltr'>et</span> <span class='ocrx_word' id='word_1_552' title='bbox 1266 1718 1482 1756; x_wconf 86' lang='lat' dir='ltr'>Benedicto</span> <span class='ocrx_word' id='word_1_553' title='bbox 1517 1718 1614 1757; x_wconf 86' lang='lat' dir='ltr'><strong>XIII</strong></span> <span class='ocrx_word' id='word_1_554' title='bbox 1647 1718 1875 1766; x_wconf 84' lang='lat' dir='ltr'>aliquandiu</span> <span class='ocrx_word' id='word_1_555' title='bbox 1909 1731 1933 1756; x_wconf 89' lang='lat' dir='ltr'>a</span> <span class='ocrx_word' id='word_1_556' title='bbox 1959 1718 2142 1764; x_wconf 84' lang='lat' dir='ltr'>secretis,</span> 
     </span>
     <span class='ocr_line' id='line_1_91' title="bbox 1201 1771 2143 1821; baseline 0.001 -13"><span class='ocrx_word' id='word_1_557' title='bbox 1201 1776 1358 1820; x_wconf 88' lang='lat' dir='ltr'>praeter</span> <span class='ocrx_word' id='word_1_558' title='bbox 1378 1772 1455 1810; x_wconf 90' lang='lat' dir='ltr'>alia</span> <span class='ocrx_word' id='word_1_559' title='bbox 1477 1772 1636 1821; x_wconf 91' lang='lat' dir='ltr'>reliquit</span> <span class='ocrx_word' id='word_1_560' title='bbox 1654 1771 1798 1810; x_wconf 88' lang='lat' dir='ltr'>librum</span> <span class='ocrx_word' id='word_1_561' title='bbox 1820 1772 1866 1809; x_wconf 89' lang='lat' dir='ltr'>de</span> <span class='ocrx_word' id='word_1_562' title='bbox 1882 1771 2019 1810; x_wconf 88' lang='lat' dir='ltr'>studiis</span> <span class='ocrx_word' id='word_1_563' title='bbox 2038 1772 2143 1810; x_wconf 90' lang='lat' dir='ltr'>theo·</span> 
     </span>
     <span class='ocr_line' id='line_1_92' title="bbox 1201 1825 2145 1874; baseline 0.001 -13"><span class='ocrx_word' id='word_1_564' title='bbox 1201 1825 1335 1874; x_wconf 89' lang='lat' dir='ltr'>logicis</span> <span class='ocrx_word' id='word_1_565' title='bbox 1352 1839 1361 1872; x_wconf 85' lang='lat'>;</span> <span class='ocrx_word' id='word_1_566' title='bbox 1399 1825 1522 1863; x_wconf 86' lang='lat' dir='ltr'>eidem</span> <span class='ocrx_word' id='word_1_567' title='bbox 1560 1825 1734 1863; x_wconf 91' lang='lat' dir='ltr'>nonnulli</span> <span class='ocrx_word' id='word_1_568' title='bbox 1774 1825 2066 1874; x_wconf 88' lang='lat' dir='ltr'>adscripserunt</span> <span class='ocrx_word' id='word_1_569' title='bbox 2096 1825 2145 1862; x_wconf 93' lang='lat' dir='ltr'>li-</span> 
     </span>
     <span class='ocr_line' id='line_1_93' title="bbox 1199 1877 2141 1926; baseline 0 -10"><span class='ocrx_word' id='word_1_570' title='bbox 1199 1879 1313 1916; x_wconf 88' lang='lat' dir='ltr'>brum</span> <span class='ocrx_word' id='word_1_571' title='bbox 1330 1880 1376 1916; x_wconf 89' lang='lat' dir='ltr'>de</span> <span class='ocrx_word' id='word_1_572' title='bbox 1392 1879 1505 1916; x_wconf 89' lang='lat' dir='ltr'>ruina</span> <span class='ocrx_word' id='word_1_573' title='bbox 1521 1891 1589 1916; x_wconf 86' lang='lat' dir='ltr'>seu</span> <span class='ocrx_word' id='word_1_574' title='bbox 1606 1881 1790 1926; x_wconf 87' lang='lat' dir='ltr'>corrupto</span> <span class='ocrx_word' id='word_1_575' title='bbox 1807 1880 1912 1916; x_wconf 87' lang='lat' dir='ltr'>statu</span> <span class='ocrx_word' id='word_1_576' title='bbox 1930 1877 2141 1925; x_wconf 85' lang='lat' dir='ltr'>Ecclesiae,</span> 
     </span>
     <span class='ocr_line' id='line_1_94' title="bbox 1199 1931 2143 1981; baseline 0 -12"><span class='ocrx_word' id='word_1_577' title='bbox 1199 1932 1238 1969; x_wconf 88' lang='lat' dir='ltr'>in</span> <span class='ocrx_word' id='word_1_578' title='bbox 1270 1944 1346 1981; x_wconf 89' lang='lat' dir='ltr'>quo</span> <span class='ocrx_word' id='word_1_579' title='bbox 1377 1932 1502 1970; x_wconf 89' lang='lat' dir='ltr'>clerus</span> <span class='ocrx_word' id='word_1_580' title='bbox 1538 1932 1653 1969; x_wconf 87' lang='lat' dir='ltr'>huius</span> <span class='ocrx_word' id='word_1_581' title='bbox 1687 1931 1872 1980; x_wconf 89' lang='lat' dir='ltr'>temporis</span> <span class='ocrx_word' id='word_1_582' title='bbox 1900 1936 2143 1981; x_wconf 83' lang='lat' dir='ltr'>exaggerata</span> 
     </span>
     <span class='ocr_line' id='line_1_95' title="bbox 1199 1984 2142 2034; baseline 0 -12"><span class='ocrx_word' id='word_1_583' title='bbox 1199 1986 1349 2023; x_wconf 88' lang='lat' dir='ltr'>ratione</span> <span class='ocrx_word' id='word_1_584' title='bbox 1383 1987 1578 2034; x_wconf 87' lang='lat' dir='ltr'>carpitur;</span> <span class='ocrx_word' id='word_1_585' title='bbox 1599 1985 1663 2022; x_wconf 90' lang='lat' dir='ltr'>alii</span> <span class='ocrx_word' id='word_1_586' title='bbox 1701 1996 1792 2022; x_wconf 93' lang='lat' dir='ltr'>vero</span> <span class='ocrx_word' id='word_1_587' title='bbox 1838 1984 1954 2022; x_wconf 88' lang='lat' dir='ltr'>istum</span> <span class='ocrx_word' id='word_1_588' title='bbox 1996 1984 2142 2022; x_wconf 89' lang='lat' dir='ltr'>librum</span> 
     </span>
     <span class='ocr_line' id='line_1_96' title="bbox 1202 2037 2008 2084; baseline -0.001 -8"><span class='ocrx_word' id='word_1_589' title='bbox 1202 2038 1336 2076; x_wconf 86' lang='lat' dir='ltr'>Ioanni</span> <span class='ocrx_word' id='word_1_590' title='bbox 1357 2040 1404 2076; x_wconf 86' lang='lat' dir='ltr'>de</span> <span class='ocrx_word' id='word_1_591' title='bbox 1425 2038 1574 2084; x_wconf 86' lang='lat' dir='ltr'>Chelm,</span> <span class='ocrx_word' id='word_1_592' title='bbox 1597 2040 1664 2075; x_wconf 88' lang='lat' dir='ltr'>aut</span> <span class='ocrx_word' id='word_1_593' title='bbox 1683 2037 1751 2075; x_wconf 91' lang='lat' dir='ltr'>alii</span> <span class='ocrx_word' id='word_1_594' title='bbox 1771 2037 2008 2075; x_wconf 80' lang='lat' dir='ltr'>adscribunt.</span> 
     </span>
    </p>

    <p class='ocr_par' dir='ltr' id='par_1_11' title="bbox 1197 2091 2143 2994">
     <span class='ocr_line' id='line_1_97' title="bbox 1251 2091 2142 2130; baseline -0.001 0"><span class='ocrx_word' id='word_1_595' title='bbox 1251 2093 1314 2130; x_wconf 74' lang='lat'>29.</span> <span class='ocrx_word' id='word_1_596' title='bbox 1349 2092 1554 2130; x_wconf 78' lang='lat' dir='ltr'>Ecclesiae</span> <span class='ocrx_word' id='word_1_597' title='bbox 1580 2091 1758 2128; x_wconf 82' lang='lat' dir='ltr'>Graecae</span> <span class='ocrx_word' id='word_1_598' title='bbox 1790 2095 1829 2128; x_wconf 78' lang='lat' dir='ltr'>et</span> <span class='ocrx_word' id='word_1_599' title='bbox 1858 2091 2034 2129; x_wconf 71' lang='lat' dir='ltr'>Russiae</span> <span class='ocrx_word' id='word_1_600' title='bbox 2053 2096 2142 2129; x_wconf 81' lang='lat' dir='ltr'>sta—</span> 
     </span>
     <span class='ocr_line' id='line_1_98' title="bbox 1201 2144 2143 2197; baseline 0 -15"><span class='ocrx_word' id='word_1_601' title='bbox 1201 2150 1267 2182; x_wconf 79' lang='lat' dir='ltr'>tus</span> <span class='ocrx_word' id='word_1_602' title='bbox 1281 2167 1332 2172; x_wconf 89' lang='lat'><em>-</em></span> <span class='ocrx_word' id='word_1_603' title='bbox 1349 2145 1449 2183; x_wconf 84' lang='lat' dir='ltr'>Unio</span> <span class='ocrx_word' id='word_1_604' title='bbox 1469 2148 1602 2182; x_wconf 88' lang='lat' dir='ltr'>autem</span> <span class='ocrx_word' id='word_1_605' title='bbox 1623 2144 1863 2181; x_wconf 87' lang='lat' dir='ltr'>Graecorum</span> <span class='ocrx_word' id='word_1_606' title='bbox 1883 2156 1970 2182; x_wconf 87' lang='lat' dir='ltr'>cum</span> <span class='ocrx_word' id='word_1_607' title='bbox 1991 2145 2143 2197; x_wconf 78' lang='lat' dir='ltr'>Roma-</span> 
     </span>
     <span class='ocr_line' id='line_1_99' title="bbox 1199 2197 2142 2242; baseline 0.001 -7"><span class='ocrx_word' id='word_1_608' title='bbox 1199 2198 1462 2235; x_wconf 83' lang='lat' dir='ltr'>no-catholica</span> <span class='ocrx_word' id='word_1_609' title='bbox 1478 2198 1667 2242; x_wconf 86' lang='lat' dir='ltr'>Ecclesia,</span> <span class='ocrx_word' id='word_1_610' title='bbox 1683 2197 1721 2234; x_wconf 90' lang='lat' dir='ltr'>in</span> <span class='ocrx_word' id='word_1_611' title='bbox 1738 2197 1898 2234; x_wconf 90' lang='lat' dir='ltr'>concilio</span> <span class='ocrx_word' id='word_1_612' title='bbox 1914 2197 2142 2236; x_wconf 87' lang='lat' dir='ltr'>Florentino</span> 
     </span>
     <span class='ocr_line' id='line_1_100' title="bbox 1199 2249 2140 2300; baseline 0.001 -12"><span class='ocrx_word' id='word_1_613' title='bbox 1199 2252 1296 2288; x_wconf 86' lang='lat' dir='ltr'>inita</span> <span class='ocrx_word' id='word_1_614' title='bbox 1317 2249 1345 2297; x_wconf 84' lang='lat'>³,</span> <span class='ocrx_word' id='word_1_615' title='bbox 1373 2254 1549 2300; x_wconf 87' lang='lat' dir='ltr'>optatum</span> <span class='ocrx_word' id='word_1_616' title='bbox 1575 2250 1723 2288; x_wconf 87' lang='lat' dir='ltr'>exitum</span> <span class='ocrx_word' id='word_1_617' title='bbox 1744 2262 1822 2288; x_wconf 90' lang='lat' dir='ltr'>non</span> <span class='ocrx_word' id='word_1_618' title='bbox 1843 2251 1990 2289; x_wconf 87' lang='lat' dir='ltr'>habuit.</span> <span class='ocrx_word' id='word_1_619' title='bbox 2012 2251 2140 2289; x_wconf 94' lang='lat' dir='ltr'>Unio-</span> 
     </span>
     <span class='ocr_line' id='line_1_101' title="bbox 1199 2303 2139 2353; baseline 0.002 -12"><span class='ocrx_word' id='word_1_620' title='bbox 1199 2304 1255 2341; x_wconf 89' lang='lat' dir='ltr'>nis</span> <span class='ocrx_word' id='word_1_621' title='bbox 1276 2304 1472 2353; x_wconf 89' lang='lat' dir='ltr'>negotium</span> <span class='ocrx_word' id='word_1_622' title='bbox 1494 2305 1667 2341; x_wconf 81' lang='lat' dir='ltr'>maxime</span> <span class='ocrx_word' id='word_1_623' title='bbox 1684 2304 1890 2353; x_wconf 83' lang='lat' dir='ltr'>impedivit</span> <span class='ocrx_word' id='word_1_624' title='bbox 1904 2303 2064 2343; x_wconf 84' lang='lat' dir='ltr'>Marcus</span> <span class='ocrx_word' id='word_1_625' title='bbox 2080 2316 2139 2343; x_wconf 86' lang='lat' dir='ltr'>ar·</span> 
     </span>
     <span class='ocr_line' id='line_1_102' title="bbox 1199 2357 2140 2406; baseline 0.002 -12"><span class='ocrx_word' id='word_1_626' title='bbox 1199 2358 1462 2406; x_wconf 85' lang='lat' dir='ltr'>chiepiscopus</span> <span class='ocrx_word' id='word_1_627' title='bbox 1482 2358 1712 2406; x_wconf 85' lang='lat' dir='ltr'>Ephesinus,</span> <span class='ocrx_word' id='word_1_628' title='bbox 1734 2358 1799 2405; x_wconf 89' lang='lat' dir='ltr'>qui</span> <span class='ocrx_word' id='word_1_629' title='bbox 1820 2358 1923 2395; x_wconf 88' lang='lat' dir='ltr'>solus</span> <span class='ocrx_word' id='word_1_630' title='bbox 1939 2369 1960 2396; x_wconf 88' lang='lat' dir='ltr'>e</span> <span class='ocrx_word' id='word_1_631' title='bbox 1977 2357 2140 2397; x_wconf 84' lang='lat' dir='ltr'>Graecis</span> 
     </span>
     <span class='ocr_line' id='line_1_103' title="bbox 1198 2410 2142 2450; baseline 0.004 -4"><span class='ocrx_word' id='word_1_632' title='bbox 1198 2411 1320 2447; x_wconf 83' lang='lat' dir='ltr'>eidem</span> <span class='ocrx_word' id='word_1_633' title='bbox 1350 2411 1388 2447; x_wconf 90' lang='lat' dir='ltr'>in</span> <span class='ocrx_word' id='word_1_634' title='bbox 1417 2411 1579 2447; x_wconf 85' lang='lat' dir='ltr'>concilio</span> <span class='ocrx_word' id='word_1_635' title='bbox 1611 2410 1833 2448; x_wconf 83' lang='lat' dir='ltr'>Florentino</span> <span class='ocrx_word' id='word_1_636' title='bbox 1864 2411 2074 2450; x_wconf 85' lang='lat' dir='ltr'>restiterat.</span> <span class='ocrx_word' id='word_1_637' title='bbox 2105 2411 2142 2450; x_wconf 91' lang='lat' dir='ltr'>Is</span> 
     </span>
     <span class='ocr_line' id='line_1_104' title="bbox 1198 2463 2141 2513; baseline 0.004 -14"><span class='ocrx_word' id='word_1_638' title='bbox 1198 2463 1399 2500; x_wconf 88' lang='lat' dir='ltr'>concilium</span> <span class='ocrx_word' id='word_1_639' title='bbox 1418 2464 1686 2502; x_wconf 87' lang='lat' dir='ltr'>Florentinum</span> <span class='ocrx_word' id='word_1_640' title='bbox 1703 2465 1863 2513; x_wconf 87' lang='lat' dir='ltr'>eiusque</span> <span class='ocrx_word' id='word_1_641' title='bbox 1877 2466 2078 2502; x_wconf 88' lang='lat' dir='ltr'>decretum</span> <span class='ocrx_word' id='word_1_642' title='bbox 2094 2465 2141 2503; x_wconf 83' lang='lat' dir='ltr'>de</span> 
     </span>
     <span class='ocr_line' id='line_1_105' title="bbox 1198 2517 2140 2556; baseline 0.004 -4"><span class='ocrx_word' id='word_1_643' title='bbox 1198 2517 1436 2553; x_wconf 84' lang='lat' dir='ltr'>Graecorum</span> <span class='ocrx_word' id='word_1_644' title='bbox 1469 2529 1554 2554; x_wconf 87' lang='lat' dir='ltr'>cum</span> <span class='ocrx_word' id='word_1_645' title='bbox 1595 2518 1773 2554; x_wconf 84' lang='lat' dir='ltr'>Romana</span> <span class='ocrx_word' id='word_1_646' title='bbox 1802 2518 1968 2556; x_wconf 86' lang='lat' dir='ltr'>eeclesia</span> <span class='ocrx_word' id='word_1_647' title='bbox 1998 2518 2140 2556; x_wconf 86' lang='lat' dir='ltr'>unione</span> 
     </span>
     <span class='ocr_line' id='line_1_106' title="bbox 1201 2570 2137 2621; baseline 0.004 -16"><span class='ocrx_word' id='word_1_648' title='bbox 1201 2570 1332 2606; x_wconf 84' lang='lat' dir='ltr'>multis</span> <span class='ocrx_word' id='word_1_649' title='bbox 1361 2570 1563 2608; x_wconf 80' lang='lat' dir='ltr'>calumniis</span> <span class='ocrx_word' id='word_1_650' title='bbox 1590 2570 1782 2620; x_wconf 84' lang='lat' dir='ltr'>proscidit,</span> <span class='ocrx_word' id='word_1_651' title='bbox 1802 2571 2137 2621; x_wconf 81' lang='lat' dir='ltr'>Constantinopoli</span> 
     </span>
     <span class='ocr_line' id='line_1_107' title="bbox 1199 2622 2141 2673; baseline 0.003 -14"><span class='ocrx_word' id='word_1_652' title='bbox 1199 2628 1237 2659; x_wconf 89' lang='lat' dir='ltr'>et</span> <span class='ocrx_word' id='word_1_653' title='bbox 1251 2622 1343 2659; x_wconf 80' lang='lat' dir='ltr'>alibi</span> <span class='ocrx_word' id='word_1_654' title='bbox 1356 2623 1505 2660; x_wconf 85' lang='lat' dir='ltr'>elerum</span> <span class='ocrx_word' id='word_1_655' title='bbox 1523 2628 1561 2661; x_wconf 86' lang='lat' dir='ltr'>ct</span> <span class='ocrx_word' id='word_1_656' title='bbox 1578 2626 1760 2673; x_wconf 83' lang='lat' dir='ltr'>populum</span> <span class='ocrx_word' id='word_1_657' title='bbox 1777 2629 1913 2662; x_wconf 87' lang='lat' dir='ltr'>eontra</span> <span class='ocrx_word' id='word_1_658' title='bbox 1932 2624 2057 2663; x_wconf 86' lang='lat' dir='ltr'>unitos</span> <span class='ocrx_word' id='word_1_659' title='bbox 2073 2636 2141 2662; x_wconf 82' lang='lat' dir='ltr'>ex-</span> 
     </span>
     <span class='ocr_line' id='line_1_108' title="bbox 1199 2677 2135 2726; baseline 0.002 -14"><span class='ocrx_word' id='word_1_660' title='bbox 1199 2677 1348 2722; x_wconf 80' lang='lat' dir='ltr'>citavit,</span> <span class='ocrx_word' id='word_1_661' title='bbox 1366 2678 1572 2725; x_wconf 76' lang='lat' dir='ltr'>pravisque</span> <span class='ocrx_word' id='word_1_662' title='bbox 1588 2678 1667 2715; x_wconf 86' lang='lat' dir='ltr'>suis</span> <span class='ocrx_word' id='word_1_663' title='bbox 1683 2679 1831 2715; x_wconf 79' lang='lat' dir='ltr'>artibus</span> <span class='ocrx_word' id='word_1_664' title='bbox 1846 2677 1987 2726; x_wconf 83' lang='lat' dir='ltr'>effecit,</span> <span class='ocrx_word' id='word_1_665' title='bbox 2006 2681 2048 2715; x_wconf 89' lang='lat' dir='ltr'>ut</span> <span class='ocrx_word' id='word_1_666' title='bbox 2064 2690 2135 2726; x_wconf 83' lang='lat' dir='ltr'>pa-</span> 
     </span>
     <span class='ocr_line' id='line_1_109' title="bbox 1199 2730 2143 2777; baseline 0.003 -11"><span class='ocrx_word' id='word_1_667' title='bbox 1199 2730 1391 2767; x_wconf 80' lang='lat' dir='ltr'>triarchae</span> <span class='ocrx_word' id='word_1_668' title='bbox 1405 2730 1703 2777; x_wconf 81' lang='lat' dir='ltr'>Alexandrinus,</span> <span class='ocrx_word' id='word_1_669' title='bbox 1719 2732 1983 2770; x_wconf 76' lang='lat' dir='ltr'>Antiochenus</span> <span class='ocrx_word' id='word_1_670' title='bbox 1999 2733 2039 2769; x_wconf 90' lang='lat' dir='ltr'>et</span> <span class='ocrx_word' id='word_1_671' title='bbox 2054 2731 2143 2769; x_wconf 87' lang='lat' dir='ltr'>Hie-</span> 
     </span>
     <span class='ocr_line' id='line_1_110' title="bbox 1201 2784 2138 2833; baseline 0.004 -15"><span class='ocrx_word' id='word_1_672' title='bbox 1201 2784 1519 2832; x_wconf 79' lang='lat' dir='ltr'>rosolymitanus,</span> <span class='ocrx_word' id='word_1_673' title='bbox 1540 2797 1704 2833; x_wconf 84' lang='lat' dir='ltr'>quorum</span> <span class='ocrx_word' id='word_1_674' title='bbox 1742 2785 1875 2823; x_wconf 86' lang='lat' dir='ltr'>vicarii</span> <span class='ocrx_word' id='word_1_675' title='bbox 1909 2786 1948 2822; x_wconf 88' lang='lat' dir='ltr'>in</span> <span class='ocrx_word' id='word_1_676' title='bbox 1970 2784 2138 2823; x_wconf 86' lang='lat' dir='ltr'>Floren-</span> 
     </span>
     <span class='ocr_line' id='line_1_111' title="bbox 1199 2836 2132 2887; baseline 0.004 -16"><span class='ocrx_word' id='word_1_677' title='bbox 1199 2836 1279 2873; x_wconf 70' lang='lat' dir='ltr'>tino</span> <span class='ocrx_word' id='word_1_678' title='bbox 1296 2837 1453 2874; x_wconf 85' lang='lat' dir='ltr'>concilio</span> <span class='ocrx_word' id='word_1_679' title='bbox 1473 2838 1601 2875; x_wconf 86' lang='lat' dir='ltr'>unioni</span> <span class='ocrx_word' id='word_1_680' title='bbox 1619 2839 1942 2887; x_wconf 73' lang='lat' dir='ltr'>subscripserant,</span> <span class='ocrx_word' id='word_1_681' title='bbox 1955 2838 2132 2876; x_wconf 89' lang='lat' dir='ltr'>eamdem</span> 
     </span>
     <span class='ocr_line' id='line_1_112' title="bbox 1198 2890 2134 2940; baseline 0.003 -15"><span class='ocrx_word' id='word_1_682' title='bbox 1198 2890 1390 2938; x_wconf 74' lang='lat' dir='ltr'>suscipere</span> <span class='ocrx_word' id='word_1_683' title='bbox 1411 2891 1618 2930; x_wconf 83' lang='lat' dir='ltr'>noluerint.</span> <span class='ocrx_word' id='word_1_684' title='bbox 1643 2892 1719 2929; x_wconf 85' lang='lat' dir='ltr'>Pro</span> <span class='ocrx_word' id='word_1_685' title='bbox 1742 2893 1880 2930; x_wconf 88' lang='lat' dir='ltr'>unione</span> <span class='ocrx_word' id='word_1_686' title='bbox 1901 2903 1994 2929; x_wconf 83' lang='lat' dir='ltr'>vero</span> <span class='ocrx_word' id='word_1_687' title='bbox 2013 2903 2134 2940; x_wconf 87' lang='lat' dir='ltr'>egre-</span> 
     </span>
     <span class='ocr_line' id='line_1_113' title="bbox 1197 2945 2134 2994; baseline 0.003 -15"><span class='ocrx_word' id='word_1_688' title='bbox 1197 2947 1257 2988; x_wconf 69' lang='lat' dir='ltr'>gie</span> <span class='ocrx_word' id='word_1_689' title='bbox 1278 2949 1489 2991; x_wconf 77' lang='lat' dir='ltr'>certarunt,</span> <span class='ocrx_word' id='word_1_690' title='bbox 1505 2957 1666 2994; x_wconf 77' lang='lat' dir='ltr'>cumque</span> <span class='ocrx_word' id='word_1_691' title='bbox 1685 2959 1706 2983; x_wconf 73' lang='lat' dir='ltr'>a</span> <span class='ocrx_word' id='word_1_692' title='bbox 1721 2945 2054 2984; x_wconf 83' lang='lat' dir='ltr'>schismaticorum</span> <span class='ocrx_word' id='word_1_693' title='bbox 2073 2945 2134 2982; x_wconf 86' lang='lat' dir='ltr'>di-</span> 
     </span>
    </p>
   </div>
   <div class='ocr_carea' id='block_1_6' title="bbox 1236 3088 1689 3212">
    <p class='ocr_par' dir='ltr' id='par_1_12' title="bbox 1236 3088 1689 3212">
     <span class='ocr_line' id='line_1_114' title="bbox 1238 3088 1689 3124; baseline 0.007 -7"><span class='ocrx_word' id='word_1_694' title='bbox 1238 3089 1245 3110; x_wconf 84' lang='lat'>¹</span> <span class='ocrx_word' id='word_1_695' title='bbox 1268 3088 1358 3119; x_wconf 57' lang='lat' dir='ltr'>llnsil.</span> <span class='ocrx_word' id='word_1_696' title='bbox 1381 3088 1464 3124; x_wconf 65' lang='lat'>1507»,</span> <span class='ocrx_word' id='word_1_697' title='bbox 1483 3088 1500 3118; x_wconf 68' lang='lat'>3</span> <span class='ocrx_word' id='word_1_698' title='bbox 1518 3088 1574 3118; x_wconf 81' lang='lat' dir='ltr'>vol.</span> <span class='ocrx_word' id='word_1_699' title='bbox 1594 3088 1689 3120; x_wconf 78' lang='lat' dir='ltr'>iii—sol.</span> 
     </span>
     <span class='ocr_line' id='line_1_115' title="bbox 1236 3130 1637 3162; baseline 0 -2"><span class='ocrx_word' id='word_1_700' title='bbox 1236 3132 1248 3150; x_wconf 64' lang='lat'>⁴²</span> <span class='ocrx_word' id='word_1_701' title='bbox 1267 3131 1430 3161; x_wconf 70' lang='lat' dir='ltr'>llrlnislnd.</span> <span class='ocrx_word' id='word_1_702' title='bbox 1453 3130 1526 3162; x_wconf 76' lang='lat'>1700</span> <span class='ocrx_word' id='word_1_703' title='bbox 1540 3130 1637 3162; x_wconf 74' lang='lat' dir='ltr'>‘in-sol.</span> 
     </span>
     <span class='ocr_line' id='line_1_116' title="bbox 1238 3171 1471 3212; baseline 0.004 -11"><span class='ocrx_word' id='word_1_704' title='bbox 1238 3173 1252 3194; x_wconf 73' lang='grc'>3</span> <span class='ocrx_word' id='word_1_705' title='bbox 1267 3171 1338 3203; x_wconf 79' lang='lat' dir='ltr'>Vide</span> <span class='ocrx_word' id='word_1_706' title='bbox 1356 3181 1383 3212; x_wconf 83' lang='lat' dir='ltr'>p.</span> <span class='ocrx_word' id='word_1_707' title='bbox 1407 3171 1471 3202; x_wconf 61' lang='lat'><strong>1⁹22.</strong></span> 
     </span>
    </p>
   </div>
  </div>
 </body>
</html>
