2241 3473
197 108 276 148 312

188 192 247 229 78.
267 192 406 229 Status
432 201 566 227 rerum
591 191 633 225 in
657 189 1009 236 Belgio—Interea
1034 191 1093 225 Io-

140 246 284 293 sephus
311 246 530 292 imperator
557 244 587 279 11
616 244 654 278 in
682 243 820 290 Belgio
848 243 1015 291 perinde
1041 254 1089 279 ac

141 299 179 334 in
213 299 299 335 aliis
333 299 414 334 suis
441 297 631 340 statibus,
663 297 834 332 studium
873 297 1087 333 innovandi

139 364 256 389 sacra
282 356 322 388 et
347 352 474 387 civica
500 351 827 398 prosequebatur.
856 351 938 387 Illic
965 351 1088 387 etiam

139 407 268 443 edicta
294 405 432 441 edictis
458 404 606 440 addidit
632 409 772 440 contra
797 405 1091 441 ecclesiasticas

139 461 344 496 libertates
370 462 410 494 et
438 458 724 502 immunitates,
753 462 894 495 contra
921 459 1091 495 Ordines

139 513 360 560 religiosos,
380 515 519 548 contra
546 513 761 559 Belgarum
788 513 876 549 iura
903 524 950 549 ac
974 513 1092 560 privi-

143 567 260 613 legia.
287 567 384 603 Cum
411 577 509 602 vero
537 566 685 613 Belgae
715 567 855 613 patriis
888 567 1022 603 usibus
1049 570 1091 602 et

137 620 368 668 privilegiis,
397 620 632 668 praesertim
662 621 843 668 religioni
871 621 1090 657 catholicae

139 678 273 711 essent
298 673 571 718 addictissimi,
593 674 813 722 imperator
832 675 911 711 suis
930 675 1091 711 innova-

138 728 307 764 tionibus
334 739 404 764 eos
423 728 601 774 graviter
620 729 797 773 offendit,
817 733 858 765 et
875 730 1088 776 generales

135 782 316 829 querelas
336 782 539 818 excitavit.
559 782 826 819 Nihilominus
844 783 1031 830 Iosephus
1050 784 1089 818 in

136 836 239 872 male
266 835 419 882 coeptis
447 848 634 884 pergens,
655 838 845 884 postridie
873 837 957 874 idus
983 841 1088 873 octo-

133 889 214 925 bris
242 890 334 927 1786
360 890 564 927 decretum
591 891 712 935 dedit,
740 903 837 939 quc,
867 893 1090 940 suppressis

134 944 409 991 episcoporum
446 946 695 990 seminariis,
729 957 800 994 pro
835 950 915 982 toto
950 946 1089 993 Belgio

134 998 326 1044 generale
354 999 612 1035 seminarium
647 1000 796 1036 creavit
830 999 1020 1043 Lovanii,
1050 1004 1089 1036 et

134 1052 329 1099 episeopis
356 1056 473 1100 atque
508 1053 842 1090 monasteriorum
877 1054 1089 1101 superiori-

133 1105 205 1141 bus
233 1105 412 1143 districte
441 1107 653 1154 prohibuit,
674 1119 722 1144 ne
750 1107 937 1155 deinceps
956 1119 1087 1155 quem-

132 1170 249 1206 quam
277 1159 326 1196 ad
353 1160 526 1197 Ordines
544 1172 680 1198 saeros
700 1166 767 1198 aut
786 1166 878 1198 vota
897 1162 1088 1209 religiosa

132 1212 414 1258 admitterent,
442 1214 516 1249 nisi
545 1215 658 1250 annis
686 1216 707 1251 5
734 1215 773 1250 in
799 1227 846 1252 eo
873 1215 1087 1252 seminario

133 1266 325 1303 lectiones
351 1268 658 1315 frequentasset.
679 1270 789 1305 Haec
817 1281 882 1305 res
909 1270 1087 1317 profecto

133 1321 409 1368 episcoporum
429 1323 577 1358 iuribus
591 1327 679 1359 erat
698 1324 900 1371 opposita;
921 1335 1087 1371 quorum

132 1375 300 1410 formido
327 1375 428 1412 iuste
455 1380 573 1413 aucta
600 1382 682 1421 est,
712 1389 762 1414 ex
790 1389 863 1425 quo
890 1389 1088 1425 cognove-

133 1432 224 1463 runt
251 1429 521 1475 professores,
557 1430 606 1466 ad
638 1431 848 1467 cathedras
881 1432 1086 1468 seminarii

131 1482 331 1528 generalis
358 1484 594 1520 nominatos.
624 1484 700 1521 Vix
736 1485 926 1521 lectiones
954 1486 1084 1522 calen-

133 1535 192 1571 dis
218 1535 439 1573 decembris
466 1537 558 1575 1786
584 1538 790 1586 incoeptae
818 1543 949 1583 erant,
969 1551 1086 1586 quum

133 1601 260 1626 novae
279 1590 497 1634 doetrinae,
520 1592 557 1627 in
578 1593 623 1628 iis
644 1593 884 1640 explicatae,
906 1593 1086 1630 omnibus

133 1643 241 1679 bonis
270 1645 451 1681 timorem
480 1645 716 1682 iniecerunt.
748 1647 823 1694 Ipsi
858 1647 1035 1691 alumni,
1065 1660 1088 1684 a

132 1699 414 1745 magistrorum
435 1699 627 1736 doctrinis
646 1700 920 1744 abhorrentes,
942 1701 1086 1737 clamo-

133 1751 254 1796 ribus,
284 1753 472 1797 tumultu,
499 1754 690 1801 minisque
718 1754 927 1801 collegium
964 1756 1087 1804 reple·

133 1810 288 1842 verunt.
319 1807 390 1843 Die
420 1808 463 1844 18
488 1807 710 1844 decembris
736 1809 1001 1855 tranquillitas
1020 1810 1087 1845 mi-

135 1858 239 1895 litari
267 1871 385 1897 manu
425 1862 609 1898 restituta
635 1866 715 1906 est;
750 1862 818 1898 sed
856 1862 963 1898 brevi
999 1867 1088 1910 post

132 1913 309 1960 plerique
337 1915 486 1950 alumni
514 1916 772 1951 seminarium
806 1915 1084 1953 deseruerunt.

133 1967 316 2004 Calendis
343 1969 511 2004 ianuarii
530 1969 732 2016 sequentis
757 1970 849 2004 anni
870 1970 1087 2017 imperator

133 2020 237 2056 aliud
259 2021 461 2058 decretum
481 2022 600 2065 dedit,
616 2034 689 2070 quo
709 2023 745 2058 in
767 2023 980 2070 provinciis
1000 2025 1086 2061 Bel-

132 2074 230 2121 gicis
256 2079 296 2111 et
322 2076 549 2112 iudiciarius
577 2081 616 2113 et
651 2076 990 2114 administrativus
1026 2090 1085 2114 or-

131 2128 242 2165 dines
269 2130 602 2167 reformabantur.

178 2184 290 2220 Haec
317 2186 449 2222 onmia
477 2197 554 2221 non
582 2186 705 2222 solum
728 2186 997 2233 praelatorum
1023 2199 1084 2224 ec-

132 2237 447 2275 clesiasticorum
475 2244 516 2276 et
542 2240 722 2276 Statuum
750 2241 1083 2286 reclamationes,

131 2291 199 2327 sed
227 2294 438 2340 populares
472 2294 593 2329 etiam
629 2294 812 2341 querelas
846 2295 1083 2332 excitarunt.

132 2345 434 2383 provinciarum
463 2347 704 2394 gubernator
731 2349 898 2395 Murray
926 2361 1009 2385 rem
1030 2351 1085 2386 ita

132 2411 373 2447 componere
401 2405 567 2437 conatus
594 2405 668 2444 est,
687 2406 729 2437 ut
748 2402 933 2437 restituto
953 2404 1083 2449 prisco

134 2454 287 2498 ordine,
308 2466 411 2491 nova
437 2455 602 2492 decreta
629 2456 982 2502 suspenderentur.
1013 2458 1084 2494 Ve-

131 2519 217 2542 rum
247 2508 466 2554 imperator
492 2509 592 2545 baec
612 2512 932 2556 temperamenta
952 2522 1084 2558 repro-

133 2562 263 2605 bavit,
293 2563 601 2609 gubernatorem
632 2563 836 2599 revocavit
862 2570 901 2599 et
935 2564 972 2599 in
1001 2566 1084 2602 eius

131 2614 258 2651 locum
288 2616 391 2652 misit
419 2616 605 2652 comitem
635 2617 1004 2661 'ri-autmannsdors,
1024 2620 1084 2654 cui

131 2669 319 2705 mandata
346 2670 485 2706 stricta
511 2670 632 2712 dedit,
654 2675 697 2706 ut
725 2669 977 2706 decretorum
998 2684 1084 2708 suo-

130 2734 215 2757 rum
245 2724 417 2760 maxime
446 2725 492 2761 de
520 2724 734 2761 seminario
762 2725 967 2771 generali,
995 2737 1086 2763 exe-

130 2777 328 2813 cutionem
348 2785 529 2825 urgeret.
547 2778 815 2826 Quapropter,
830 2790 908 2814 non
929 2779 1085 2816 obstan-

131 2830 230 2866 tibus
258 2832 470 2868 cardinalis
497 2833 545 2869 de
567 2832 871 2879 l³raukenberg,
891 2833 1083 2881 arehiepi-

129 2885 236 2931 scopi
265 2886 580 2930 Mecliliniensis,
599 2892 640 2924 et
666 2887 832 2923 aliorum
856 2888 1080 2933 praesulum

130 2937 177 2972 ad
197 2939 479 2986 imperatorem
503 2940 816 2982 comnieiitai·iiS‚
838 2940 1026 2978 lectiones
1046 2942 1083 2978 in

129 2993 345 3028 seminario
367 2995 547 3040 generali
571 3006 730 3031 rursum
751 2993 958 3042 incoeptae
978 3001 1083 3040 sunt,

129 3044 195 3080 sed
222 3058 296 3081 non
327 3047 410 3083 sine
440 3048 623 3083 tumultu.
644 3047 866 3085 Cardiualis
893 3048 939 3085 de
960 3049 1082 3086 Fran-

132 3097 310 3146 lx'enberg
336 3101 554 3137 Lovanium
577 3103 791 3148 profectus,
813 3103 1082 3148 professorum

127 3150 373 3196 doctrinam,
404 3155 639 3201 praesertim
669 3155 715 3191 dc
744 3156 985 3193 auctoritate
1012 3158 1085 3194 Ec-

703 128 708 134 ’
725 120 893 148 ΕΡΟΟΗΑ
913 120 985 146 ΧΠ.
1012 120 1039 146 Α
1059 119 1228 148 LITIBVS
1248 120 1557 150 IANSENISTICIS

1145 191 1263 234 ravit,
1284 202 1374 227 earn
1400 191 1622 229 declaravit
1647 204 1726 230 non
1751 194 2034 237 orthodoxam,
2063 198 2102 233 'et

1142 255 1221 280 una
1247 256 1337 281 cum
1364 245 1559 293 episcopis
1592 247 1861 285 Namurcensi
1881 277 1890 292 ,
1917 249 2098 286 Antwer-

1143 298 1269 345 piensi
1288 326 1297 341 ‚
1337 299 1486 345 Iprensi
1505 328 1514 344 ,
1548 304 1588 337 et
1619 301 1817 348 Brugensi
1852 305 2099 338 contestatus

1143 355 1217 396 est,
1237 363 1280 389 se
1307 353 1489 389 alumnos
1515 365 1608 390 suos
1634 354 1682 391 ad
1708 355 1968 393 seminarium
1995 355 2101 392 istud

1144 406 1304 442 mittere
1331 417 1409 442 non
1436 418 1566 454 posse.

1192 459 1322 500 Quum
1348 471 1446 496 vero
1473 460 1697 507 Imperator
1722 461 1872 499 nullam
1899 474 2097 500 commen-

1145 513 1342 549 tariorum
1369 517 1410 550 et
1428 515 1791 560 expostulationum
1810 516 2040 562 praesulum
2057 519 2099 554 et

1144 568 1328 603 statuum
1356 579 1425 604 seu
1454 568 1648 604 Ordinum
1681 569 1879 607 rationem
1911 568 2096 613 haberet,

1143 621 1295 667 Belgae
1318 620 1366 657 ad
1386 621 1583 669 publicam
1603 622 1873 661 resistentiam
1890 626 2096 671 motusque

1144 679 1424 722 proruperunt.
1447 675 1518 711 His
1547 675 1785 722 perterritus
1813 675 2016 723 Iosephus,
2035 687 2101 726 po-

1142 728 1277 765 stridie
1306 728 1391 765 idus
1418 729 1576 776 augusti
1597 729 1708 773 1789,
1729 729 1969 766 dioecesana
1985 729 2100 772 semi-

1143 782 1257 818 naria
1283 783 1469 823 restituit.
1500 783 1731 831 clericisque
1758 784 1858 820 haec
1883 784 1949 820 vel
1973 784 2100 821 Lova-

1143 836 1279 873 niense
1306 837 1470 874 adeundi
1501 837 1703 885 optionem
1730 837 1851 874 dedit.
1869 838 2022 874 Verum
2041 848 2101 881 se-

1142 890 1222 926 rius
1241 891 1455 938 reparandi
1475 891 1581 927 mala
1600 891 1807 927 consilium
1827 891 1926 927 iniit.
1946 891 2098 940 Belgae

1142 945 1352 992 Iosephum
1381 945 1604 993 imperandi
1623 945 1696 981 sibi
1715 945 1802 982 iure
1822 946 2016 993 dilapsum
2032 945 2097 982 de-

1141 999 1362 1044 clararunt,
1391 1011 1506 1037 arma
1531 999 1850 1047 capessiverunt;
1877 1000 2014 1037 Status
2030 1011 2100 1049 pu-

1141 1053 1231 1088 blici
1257 1053 1456 1090 Bruxellis
1474 1054 1710 1100 congregati
1730 1057 1840 1098 sunt,
1860 1057 1900 1090 et
1918 1054 2101 1090 caesarei

1142 1107 1288 1143 milites
1316 1112 1438 1156 atque
1464 1108 1758 1155 gubernatores
1783 1107 2008 1155 provincias
2031 1107 2098 1144 de-

1140 1172 1279 1198 serere
1308 1162 1448 1199 coacti.

1189 1215 1340 1252 Eodem
1369 1219 1553 1264 tempore
1581 1217 1765 1265 Hungari
1784 1245 1793 1261 ,
1819 1215 2034 1256 Lombardi
2059 1218 2101 1253 et

1141 1268 1371 1306 Tirolenses
1399 1271 1447 1306 ad
1475 1275 1604 1308 motus
1630 1273 1910 1318 proruperunt.
1939 1270 2098 1307 Turcae

1141 1322 1261 1358 etiam
1291 1324 1431 1360 bellurn
1461 1325 1752 1361 instaurarunt.
1773 1324 1963 1372 Iosephus
1989 1324 2021 1361 11
2047 1323 2098 1360 ad

1140 1377 1346 1423 angustias
1366 1378 1565 1420 redactus,
1586 1378 1850 1415 intercessum
1878 1377 2099 1414 communis

1139 1429 1311 1466 fidelium
1342 1432 1479 1479 patris,
1510 1432 1569 1467 Pii
1597 1433 1666 1475 VI,
1695 1432 1759 1469 cui
1786 1435 1845 1468 tot
1870 1435 1992 1468 antea
2018 1443 2100 1468 mo-

1141 1483 1274 1521 lestias
1310 1486 1550 1531 suscitarat,
1584 1486 1798 1533 implorare
1834 1488 1996 1522 coactus
2021 1489 2097 1522 est.

1142 1538 1328 1576 Pontifex
1347 1540 1582 1576 iniuriarum
1600 1540 1826 1583 immemor,
1845 1539 1890 1576 x⁰
1909 1538 2098 1576 calendas

1141 1592 1330 1629 februarii
1365 1594 1457 1632 1790
1492 1595 1647 1630 litteras
1679 1593 1788 1630 dedit
1813 1592 1862 1628 ad
1895 1592 2099 1640 praelatos

1140 1647 1270 1694 Belgii
1297 1650 1322 1682 1.
1352 1649 1406 1684 At
1439 1650 1543 1685 inter
1570 1648 1762 1684 bellorum
1795 1647 1987 1695 strepitus
2019 1658 2098 1684 vox

1142 1701 1267 1746 patris
1295 1702 1344 1738 ad
1371 1702 1565 1739 excitatos
1591 1702 1808 1749 Belgarum
1838 1701 1993 1737 animos
2017 1711 2098 1737 non

1141 1757 1380 1801 penetravit.
1410 1756 1532 1793 Paulo
1561 1760 1664 1803 post,
1683 1766 1826 1803 nempe
1845 1755 1890 1791 x⁰
1911 1754 2100 1792 calendas

1141 1811 1289 1854 martii,
1308 1811 1494 1859 Iosephus
1512 1811 1544 1847 II
1563 1821 1747 1852 moerore
1765 1810 1969 1847 confectus
1987 1809 2098 1846 obiit.

1142 1863 1187 1899 Ei
1215 1865 1407 1902 suecessit
1433 1864 1657 1913 Leopoldus
1682 1865 1730 1908 II,
1748 1863 1877 1901 frater
1902 1864 2003 1908 eius,
2030 1874 2098 1900 an-

1143 1921 1207 1954 tea
1233 1918 1310 1955 dux
1335 1919 1573 1964 Hetruriae3
1593 1919 1658 1967 qui
1684 1929 1824 1966 pacem
1843 1929 1934 1955 cum
1953 1917 2098 1954 TurciS

1141 1973 1387 2020 composuit,
1421 1974 1546 2009 multa
1584 1984 1607 2009 a
1639 1973 1766 2009 fratre
1805 1983 1875 2008 suo
1909 1971 2099 2009 innovata

1140 2027 1329 2071 correxit,
1357 2031 1396 2064 et
1423 2028 1584 2074 Belgas,
1604 2027 1681 2062 iam
1710 2026 1813 2063 inter
1838 2037 1882 2063 se
1908 2025 2096 2063 dissocia-

1140 2083 1225 2123 tos,
1255 2080 1303 2116 ad
1337 2082 1567 2129 obsequium
1601 2080 1786 2124 reduxit;
1822 2079 1892 2117 sed
1919 2079 2095 2116 calendis

1141 2134 1272 2170 martii
1314 2136 1407 2172 1792
1440 2135 1522 2171 vita
1555 2135 1738 2172 excessit.
1780 2135 1897 2170 Hunc
1937 2135 2096 2182 excepit

1140 2188 1379 2225 Franciscus
1406 2189 1452 2229 11,
1472 2189 1574 2224 filius
1601 2189 1699 2229 eius,
1720 2188 1791 2224 sub
1819 2199 1894 2236 quo
1913 2187 2091 2224 seditiosi

1139 2242 1240 2278 Galli
1266 2243 1494 2290 provincias
1520 2243 1706 2290 Belgicas
1733 2246 1983 2289 occuparunt
2005 2243 2035 2275 2.

1184 2297 1240 2333 79.
1271 2296 1410 2332 Status
1444 2308 1576 2332 rerum
1604 2296 1644 2332 itt
1679 2295 1875 2332 Gallia—
1894 2295 1935 2331 In
1963 2295 2094 2333 Gallia

1138 2361 1202 2385 res
1229 2349 1506 2385 ecclesiastica
1533 2353 1573 2385 et
1599 2349 1725 2385 civilis
1752 2348 1801 2384 ad
1834 2349 1989 2386 tristem
2016 2354 2094 2386 sta·

1136 2408 1217 2440 tum
1247 2408 1336 2440 erat
1362 2403 1539 2440 redacta.
1567 2403 1766 2439 Ludovieo
1794 2404 1879 2451 regi
1904 2403 1996 2447 XV,
2024 2415 2092 2441 an.

1135 2457 1225 2493 1774
1252 2456 1438 2493 defuncto
1458 2486 1466 2500 ‚
1494 2457 1689 2493 successit
1714 2456 1937 2493 Ludovicus
1970 2457 2063 2494 XVI
2081 2487 2090 2503 ‚

1136 2513 1320 2558 princeps
1346 2511 1516 2558 optimus
1540 2515 1581 2548 et
1598 2511 1824 2548 melioribus
1849 2511 2093 2559 temporibus

1132 2565 1298 2613 dignus,
1330 2565 1394 2612 qui
1430 2568 1511 2601 toto
1546 2566 1658 2612 regni
1694 2566 1751 2601 sui
1784 2569 1964 2613 ternpore
2000 2576 2089 2602 cum

1133 2620 1435 2666 tempestatibus
1463 2619 1632 2655 luctatus
1651 2625 1712 2656 cst
1729 2631 1777 2656 ea
1797 2619 2089 2664 moderatione,

1133 2684 1232 2719 quae
1260 2673 1457 2720 plerisque
1485 2674 1642 2709 modum
1670 2673 1865 2711 excedere
1899 2674 1986 2710 visa
2013 2679 2088 2710 est.

1135 2727 1329 2763 Funestos
1364 2728 1655 2775 suppressionis
1688 2727 1900 2765 SocietatiS
1929 2728 2015 2766 Iesu
2050 2727 2089 2764 in

1133 2782 1261 2817 Gallia
1300 2782 1430 2818 exitus
1469 2782 1546 2818 iam
1587 2783 1913 2831 praesentiebant
1948 2783 2088 2831 quique

1135 2835 1247 2881 probi
1274 2840 1314 2871 et
1336 2835 1509 2883 religiosi
1526 2848 1534 2879 ;
1554 2836 1736 2873 iuventus
1755 2837 1874 2880 enim,
1897 2847 1998 2885 quae
2018 2847 2086 2872 an-

1135 2893 1199 2924 tea
1225 2889 1264 2924 in
1285 2889 1464 2937 collegiis
1483 2890 1717 2926 lesuitarum
1738 2890 1966 2927 christianis
1985 2889 2088 2938 prin-

1134 2942 1244 2989 cipiis
1262 2945 1302 2978 et
1322 2943 1515 2987 moribus,
1538 2944 1652 2981 simul
1672 2955 1718 2981 ac
1737 2944 1881 2981 litteris
1900 2943 2086 2991 bonisque

1179 3077 1187 3098 ¹
1214 3079 1350 3113 Collect.
1375 3081 1554 3121 Brevittm,
1574 3083 1606 3115 in
1627 3084 1765 3126 append.
1786 3089 1870 3126 part.
1892 3083 1953 3117 111.

1177 3123 1190 3144 ‘³
1221 3126 1261 3157 lle
1291 3127 1408 3165 Polior,
1439 3128 1576 3162 Recueil
1601 3130 1657 3162 des
1683 3129 1985 3172 representation,
2003 3140 2082 3172 pro-

1135 3172 1314 3204 testationi·
1341 3176 1371 3204 el
1398 3173 1657 3214 reclamationi,
1677 3177 1696 3207 8
1717 3177 1795 3208 vell.
1817 3175 1922 3216 in-8⁰;
1943 3177 1986 3209 Do
2005 3177 2084 3210 Ger-

130 3204 276 3242 <zlesiae
303 3212 343 3244 ct
368 3209 515 3244 iuribus
533 3209 788 3256 Apostolieac
809 3209 935 3254 Sedis,
955 3212 1086 3259 explo-
1137 3217 1241 3256 laelio,
1264 3218 1410 3251 Histoire
1428 3219 1474 3252 du
1494 3230 1658 3261 royaume
1677 3222 1734 3255 des
1752 3221 2080 3263 raus-Bas,1ntrod.
