2241 3473
232 144 311 185 332

178 227 350 275 loquium
368 225 538 270 admisit;
557 236 696 262 eorum
715 224 867 262 artibus
883 223 948 260 diu
966 224 1127 270 restitit3

177 281 246 318 sed
273 280 429 317 tandem
456 279 582 315 flexus
612 281 720 315 metu
739 278 934 314 malorum
953 288 1054 325 quae
1072 277 1127 314 illi

179 346 270 371 mox
283 334 415 370 futura
428 332 723 378 praedicebant,
738 333 812 368 X11⁰
826 332 1013 369 calendas
1027 335 1130 367 octo-

177 387 257 424 bris
286 387 431 431 Brevi,
458 386 524 422 Ex
548 397 621 433 quo
649 384 702 421 ad
727 386 892 426 summi,
925 385 1129 434 praefatos

177 441 362 478 articulos
377 440 626 488 approbavit.
639 439 792 476 Verum
807 440 1014 487 Napoleon
1028 438 1132 474 Pon—

178 494 292 531 tificis
313 495 443 531 Breve
461 494 643 541 recipere
662 494 800 538 noluit,
819 494 915 531 illud
934 494 1129 530 Savonam

177 548 341 593 remisit,
370 552 410 585 et
435 548 640 595 episcopos
665 547 714 584 ad
740 548 934 585 ecclesias
961 558 1055 584 suas
1073 558 1135 583 re-

177 601 259 638 dire
285 601 410 639 iussit.
439 603 503 638 Sic
520 602 755 639 defecerunt
780 606 1007 639 scrutantes
1025 612 1132 638 scru-

178 655 300 700 tinio,
335 656 546 704 omniaque
580 667 605 692 a
637 660 895 704 persecutore
929 659 970 692 et
997 654 1132 692 aulicis

178 710 427 757 praesulibus
455 714 630 754 tentata,
658 711 697 746 in
724 710 876 746 fumum
905 711 1087 747 abierunt
1104 712 1129 743 1.

224 763 281 800 24.
313 764 471 800 Turbae
489 763 529 800 in
547 763 787 800 dioecesibus
817 764 1002 801 Trecens.
1035 763 1136 799 Tor-

176 829 334 854 nacens.
355 820 391 854 et
407 817 759 854 Gandcwens.-1n
775 818 899 854 tribus
921 829 1017 855 vero
1029 817 1136 855 dioe-

178 872 344 916 cesibus,
364 872 567 916 Trecensi,
584 872 831 909 Tornacensi
846 876 886 909 et
900 872 1134 908 Gandaven-

177 926 222 970 si,
239 937 406 974 quarum
423 926 627 974 praesules
641 926 859 963 Vincennis
875 927 914 961 in
927 937 1134 962 carcerem

178 980 377 1016 coniectos
401 979 522 1016 fuisse
548 979 731 1024 diximus,
752 980 892 1016 turbae
911 990 1057 1027 graves
1075 990 1134 1016 se-

179 1038 294 1071 cutae
322 1037 426 1070 sunt.
454 1035 623 1071 Extorta
642 1035 749 1071 enim
768 1045 792 1071 a
810 1035 933 1070 tribus
952 1033 1036 1070 istis
1055 1033 1136 1081 epi-

179 1087 309 1136 scopis
342 1087 381 1123 in
416 1098 580 1125 carcere
611 1088 764 1125 sedium
790 1098 952 1124 suarum
979 1087 1136 1124 abdica-

180 1143 300 1186 tione,
320 1146 360 1179 et
378 1154 505 1189 neque
521 1153 544 1178 a
558 1142 752 1180 Pontifice
766 1146 989 1191 acceptata,
1005 1153 1133 1190 neque

180 1195 241 1240 iis,
257 1207 422 1244 quorum
442 1197 652 1240 intererat,
668 1197 706 1232 in
725 1197 855 1233 forma
872 1196 1002 1233 debita
1020 1195 1137 1243 signi-

179 1250 313 1294 ficata,
345 1254 578 1298 persecutor
596 1250 710 1287 sedes
728 1250 814 1287 illas
833 1249 1054 1286 declaravit
1071 1260 1137 1286 va-

182 1308 319 1341 cantes
353 1308 392 1341 et
423 1304 605 1351 Capitula
636 1304 686 1340 ad
718 1304 979 1340 nominandos
1015 1315 1137 1340 novos

182 1358 353 1394 vicarios
386 1357 588 1406 compulit.
623 1358 815 1394 Nonnulli
850 1357 1031 1394 canonici
1067 1368 1138 1405 pro

182 1411 309 1447 officio
336 1422 406 1447 suo
426 1411 567 1459 iniquis
586 1411 784 1448 mandatis
805 1411 1054 1455 restiterunt3
1074 1410 1139 1446 alii

184 1464 300 1500 minis
327 1469 546 1509 cesserunt,
574 1468 615 1502 et
640 1464 812 1501 vicarios
832 1464 1044 1511 generales
1063 1463 1142 1506 ele-

184 1521 343 1563 gerunt.
363 1519 460 1556 Cum
481 1521 615 1555 tamen
635 1518 739 1555 inter
757 1517 827 1554 hos
841 1529 940 1554 unus
955 1521 1024 1554 aut
1039 1517 1142 1554 alter

183 1571 263 1607 iam
298 1575 389 1608 ante
424 1576 560 1609 essent
585 1572 725 1609 vicarii
752 1572 966 1619 generales
992 1571 1141 1619 episco-

182 1636 324 1672 porum
344 1655 352 1670 ,
389 1625 553 1673 proinde
584 1625 855 1663 iurisdictione
882 1625 1020 1662 muniti
1043 1653 1051 1669 ,
1077 1636 1142 1661 res

181 1682 394 1727 utcumque
414 1679 576 1716 fuerunt
596 1680 853 1727 compositae,
874 1685 914 1716 et
934 1679 1140 1727 legitimae

182 1732 443 1770 ecclesiarum
470 1733 808 1770 administrationi
835 1734 1076 1770 consultum.

234 1787 382 1824 Verum
408 1799 544 1825 mense
571 1788 688 1836 aprili
718 1787 808 1825 1813
828 1787 999 1824 domitor
1017 1799 1142 1824 novos

183 1841 391 1890 episcopos
425 1842 473 1878 ad
501 1841 726 1889 praedictas
752 1842 868 1879 sedes
894 1841 1116 1879 nominavit
1133 1871 1141 1887 ‚

184 1895 371 1932 nimirum
390 1895 578 1944 de-Cussy
595 1895 643 1932 ad
658 1896 917 1940 Trecensem,
934 1896 1042 1933 de-S-
1059 1897 1144 1933 Me-

186 1949 283 1986 dard
301 1950 350 1986 ad
364 1950 659 1987 Tornacensem
677 1955 716 1987 et
731 1950 961 1987 de-la-Brue
978 1950 1027 1987 ad
1041 1951 1143 1987 Gan-

187 2004 428 2050 davensem,
457 2005 739 2053 mandavitque
766 2004 958 2053 Capitulis
975 2034 983 2050 ‚
1012 2010 1056 2042 ut
1082 2005 1144 2042 his

188 2058 401 2095 nominatis
434 2059 654 2107 episcopis,
687 2059 868 2107 quamvis
896 2059 1143 2097 institutione

186 2113 379 2150 canonica
405 2118 601 2157 carerent,
629 2114 864 2150 dioeceseon
885 2113 1143 2151 administra-

189 2167 336 2204 tionem
364 2167 603 2204 conferrent.
625 2167 716 2204 Inde
735 2179 883 2215 magna
902 2179 1037 2204 rerum
1058 2181 1145 2217 per—

189 2222 361 2258 turbatio
387 2226 525 2258 secuta
550 2226 622 2259 est.
645 2222 720 2263 Qui
740 2234 761 2259 c
781 2222 973 2270 Capitulis
990 2223 1039 2259 ab
1059 2223 1144 2260 istis

190 2276 342 2313 actibus
374 2275 589 2324 illegitimis
624 2276 902 2313 abstinuerunt
923 2305 931 2320 ‚
966 2277 1143 2324 gubernii

190 2330 508 2380 persecutionem
532 2330 687 2378 experti
706 2334 809 2367 sunt,
831 2331 888 2367 Eo
913 2331 1041 2367 maior
1059 2336 1148 2369 erat

190 2385 459 2434 persecutoris
485 2384 701 2429 iracundia,
732 2384 832 2432 quod
851 2385 1026 2422 maxima
1044 2387 1146 2423 viro-

192 2450 279 2475 rum
306 2439 668 2476 ecclesiasticorum
695 2449 787 2487 pars
805 2450 894 2475 cum
916 2440 1146 2487 pseudo-ad-

195 2492 529 2529 ministratoribus
557 2492 854 2529 communicare
882 2494 1016 2538 nollet,
1039 2495 1143 2532 etde

194 2547 364 2594 negotiis
390 2546 672 2584 ecclesiasticis
692 2547 863 2583 referret
881 2546 927 2582 ad
948 2547 1146 2595 legitimos

193 2601 364 2638 vicarios
382 2601 640 2649 episcopales,
662 2601 726 2649 qui
745 2604 930 2649 quantum
947 2606 1145 2649 poterant,

194 2655 268 2691 viis
308 2656 471 2692 occultis
515 2654 774 2692 ecclesiarum
816 2654 1145 2693 administrationi

194 2711 465 2747 consulebant.
499 2710 657 2746 Turbae
690 2709 898 2757 graviores
925 2710 1081 2747 suerunt
1108 2712 1146 2747 in

195 2763 365 2801 dioecesi
391 2764 657 2807 Gandavensi,
683 2763 748 2799 ubi
775 2763 968 2800 saevitum
988 2769 1049 2800 est
1068 2765 1104 2801 in
1125 2767 1147 2801 7

195 2819 362 2855 civitatis
390 2819 582 2866 parochos
606 2817 699 2855 etin
719 2818 976 2854 seminarium
998 2819 1148 2866 episco-

196 2873 299 2920 pale,
327 2874 435 2910 cuius
461 2873 677 2910 directores
697 2871 923 2919 proscripti,
942 2876 982 2909 ct
999 2873 1147 2910 alumni

199 2927 246 2962 ad
275 2928 439 2964 ferenda
466 2938 579 2964 arma
606 2927 731 2963 coacti
759 2928 889 2962 sunta

247 3003 252 3023 ¹
285 3002 317 3033 1⁶.
345 3004 382 3035 A.
411 3002 582 3039 Melchers,
610 2998 802 3032 Paris-tense
828 2998 1011 3030 concilium
1038 3000 1148 3032 natio-

201 3046 276 3078 nale
295 3058 385 3082 anno
409 3049 484 3080 1811
508 3058 587 3080 cum
608 3046 694 3078 actis
712 3044 933 3084 authenticis,
957 3046 1144 3078 Monasierii

200 3092 300 3132 1814;
331 3095 372 3127 Dc
397 3095 498 3133 Sniet,
528 3092 619 3135 Coup
635 3090 747 3128 d'oeil;
767 3089 862 3122 Card.
884 3091 998 3131 l‘acca,
1023 3092 1148 3124 Memo-

199 3138 261 3176 ric,
303 3142 422 3174 arun.

245 3185 257 3205 2'
281 3149 325 3217 llo
354 3188 454 3225 sinet,
485 3186 544 3229 Op.
564 3186 636 3223 cit.;
659 3183 722 3213 Van
743 3182 799 3214 der
818 3183 962 3222 Moci-on,
987 3183 1030 3215 De
1043 3185 1146 3227 jonae

203 3227 328 3264 leviten
354 3243 419 3266 van
445 3235 498 3265 hel
524 3230 710 3265 seminaria
729 3237 795 3261 van
817 3227 902 3261 Geni
921 3231 951 3261 lc
975 3230 1098 3268 Wczel‚
1116 3231 1147 3261 le

205 3273 359 3322 Parisijs,
379 3281 577 3312 01270,B1·uss,
598 3275 701 3315 185&
715 3274 925 3316 ltlenlqalll'ce
941 3275 1030 3309 Gand
1052 3276 1146 3308 1863.

526 134 694 184 EPOCHA
712 155 802 183 XIII.
827 156 855 182 A
875 153 1058 182 PVBLICA
1077 153 1226 181 RERVM
1247 154 1290 182 IN
1311 152 1483 182 GALLIIS
1503 153 1795 184 SVBVERSIONE

1229 223 1290 261 25.
1324 223 1424 260 Pius
1460 223 1548 260 VII
1575 224 1790 262 abducitur
1815 224 2136 262 Fontem-Bella-

1183 289 1319 325 qzceum
1347 282 1425 322 (an.
1454 278 1558 322 1812)
1581 301 1618 306 -
1642 278 1736 315 Pius
1761 279 1832 316 Vll
1859 280 1938 316 iam
1964 280 1985 316 3
2012 290 2136 326 prope

1184 332 1297 367 annis
1332 332 1369 367 in
1397 336 1510 368 arcta
1537 332 1716 369 custodia
1745 332 1928 370 detentus
1945 362 1954 378 ,
1982 333 2025 369 v⁰
2052 332 2137 369 idus

1184 384 1280 422 iunii
1309 386 1400 423 1812
1427 386 1680 434 imperatoris
1707 386 1815 423 iussu
1832 388 1990 424 Savona
2010 390 2138 423 trans-

1184 440 1286 476 latus
1306 439 1378 476 fuit
1402 440 1862 487 Fontem-Bellaqueum.
1880 441 1955 477 Hic
1977 451 2139 477 rursum

1185 493 1425 530 venerabilis
1452 494 1558 530 senis
1577 494 1801 530 constantia
1819 497 1974 531 tentata
1990 494 2077 537 fuit,
2096 497 2140 529 ut

1185 546 1440 595 imperatoris
1458 548 1653 584 voluntati
1670 547 2139 594 acquiesceret,maxime

1187 612 1259 647 per
1285 601 1489 647 praesules
1515 602 1678 646 aulicos,
1698 601 1776 649 qui,
1800 601 2014 638 secundum
2035 600 2140 648 prin-

1187 655 1284 702 cipis
1310 655 1511 700 mandata,
1530 667 1669 692 verum
1690 666 1824 692 rerum
1843 658 1990 692 statum
2005 655 2138 691 celare

1185 713 1225 745 et
1243 708 1423 746 Pontifici
1443 710 1626 746 instantis
1644 710 1869 746 schismatis
1885 710 2068 745 timorem
2083 709 2140 744 in-

1186 766 1323 800 cutere
1350 764 1561 801 debebant.
1590 764 1714 800 Paulo
1742 768 1830 811 post
1852 762 2058 799 Gallorum
2075 761 2141 798 do-

1184 817 1324 862 mitor,
1352 818 1452 854 bello
1479 818 1672 854 Russiaco
1699 821 1924 866 superatus,
1953 820 2140 864 ratusque

1185 871 1258 907 sibi
1278 871 1315 907 in
1334 872 1528 919 angustiis
1546 872 1673 920 posito
1691 872 1956 919 profuturum,
1972 871 2005 907 si
2020 881 2141 918 quan-

1185 923 1277 961 dam
1300 925 1537 962 concordiae
1557 926 1731 973 speciem
1751 936 1840 961 cum
1861 923 2054 960 Pontifice
2072 923 2142 959 ini-

1186 982 1262 1023 ret,
1281 980 1353 1016 sub
1373 979 1486 1016 initia
1504 980 1597 1016 anni
1617 980 1708 1017 1813
1725 990 1853 1016 novae
1872 977 2143 1015 conventionis

1186 1032 1378 1070 articulos
1421 1033 1607 1071 Pontifici
1645 1034 1779 1071 offerri
1813 1032 2040 1078 mandavit3
2074 1031 2144 1068 sed

1187 1086 1280 1124 Pius
1312 1088 1381 1124 VII
1410 1093 1503 1125 ante
1529 1089 1666 1125 omnia
1692 1093 1775 1125 tum
1801 1099 1914 1125 suam
1933 1091 2022 1124 ‘tum
2049 1086 2145 1124 Car-

1186 1141 1372 1178 dinalium
1407 1143 1635 1180 libertatem
1668 1143 1794 1191 petiit.
1829 1143 1941 1179 Tunc
1973 1140 2144 1177 domitor

1188 1196 1270 1244 ipse
1300 1198 1746 1246 Fontem-Bellaqueum
1766 1197 1940 1241 advenit,
1960 1201 2000 1233 et
2017 1195 2145 1244 primo

1191 1250 1387 1288 blanditiis
1414 1251 1553 1289 deinde
1574 1252 1690 1288 minis
1716 1265 1740 1289 a
1766 1251 1960 1288 Pontifice
1977 1249 2145 1288 extorsit

1193 1304 1234 1341 11
1260 1306 1451 1342 articulos
1470 1318 1596 1344 novae
1617 1306 1893 1343 conventionis
1911 1305 2143 1354 praeambu-

1191 1358 1267 1404 los,
1300 1360 1509 1396 admodum
1537 1361 1687 1398 similes
1714 1361 1864 1398 famoso
1893 1358 2144 1397 conciliabuli

1192 1412 1431 1450 Parisiensis
1463 1414 1625 1451 decreto
1659 1426 1781 1463 supra
1813 1416 2143 1451 commemorato.

1192 1467 1264 1503 His
1291 1468 1470 1504 articulis
1496 1479 1575 1505 una
1602 1480 1692 1504 cum
1719 1469 1950 1516 Napoleone
1975 1467 2147 1504 subscri—

1193 1520 1269 1568 psit
1295 1520 1390 1558 Pius
1417 1522 1610 1566 V11,v1110
1631 1522 1817 1559 calendas
1842 1520 2046 1562 februarii,
2077 1519 2147 1557 sed

1194 1585 1242 1610 ea
1267 1575 1371 1623 lege,
1399 1587 1448 1612 ne
1474 1576 1756 1623 vulgarentur,
1785 1586 1911 1623 neque
1927 1575 2048 1611 ullam
2065 1574 2146 1610 vim

1194 1628 1402 1673 haberent,
1432 1629 1659 1678 priusquam
1685 1630 1723 1665 in
1751 1629 1874 1666 libero
1902 1640 1991 1665 cum
2013 1627 2149 1667 Cardi-

1195 1683 1351 1720 nalibus
1378 1683 1611 1720 consistorio
1637 1683 1804 1720 fuissent
1830 1681 2051 1730 approbati.

1242 1736 1353 1773 Tunc
1368 1737 1577 1785 Napoleon
1588 1736 1862 1775 Cardinalibus
1873 1736 2027 1773 carceri
2042 1746 2150 1772 man-

1195 1790 1335 1838 cipatis
1367 1797 1436 1828 aut
1468 1791 1506 1827 in
1539 1791 1701 1828 exilium
1734 1790 1950 1838 relegatis,
1977 1793 2148 1839 potesta-

1196 1848 1275 1881 tem
1304 1845 1472 1883 adeundi
1499 1844 1732 1882 Pontificem
1761 1844 1978 1889 concessit,
1998 1844 2060 1880 Pii
2079 1844 2148 1881 Vll

1199 1899 1419 1935 custodiam
1447 1899 1754 1936 commodiorem
1781 1898 1964 1943 reddidit,
1983 1897 2052 1935 sed
2069 1908 2150 1935 ma-

1195 1964 1274 2001 gna
1292 1953 1457 2001 perfidia
1474 1954 1676 2002 praefatos
1695 1953 1903 1999 articulos,
1924 1952 2150 2001 priusquam

1196 2019 1219 2044 a
1245 2007 1438 2046 Pontifice
1466 2009 1820 2053 confirmarentur,
1849 2012 2034 2055 tanquam
2061 2018 2150 2043 con-

1196 2062 1422 2099 ventionem
1450 2062 1670 2099 absolutam
1697 2061 1890 2110 publicari
1907 2066 1947 2098 et
1966 2060 2068 2107 legis
2095 2061 2151 2096 in-

1195 2120 1280 2152 star
1307 2117 1462 2153 servari
1490 2116 1708 2153 mandavit.
1728 2115 1912 2151 Pontifex
1937 2113 1984 2151 de
2011 2113 2150 2151 fraude

1196 2169 1382 2215 monitus,
1397 2171 1481 2207 sine
1498 2181 1610 2206 mora
1627 2168 1874 2213 reclamavit,
1890 2168 2070 2216 datisque
2090 2168 2151 2204 1x⁰

1197 2224 1388 2261 calendas
1415 2224 1551 2272 aprilis
1577 2224 1626 2260 ad
1662 2224 1947 2271 imperatorem
1980 2221 2124 2259 litteris
2142 2249 2151 2267 ,

1197 2278 1385 2316 articulos
1423 2278 1626 2326 praefatos
1662 2277 1893 2321 revocavit,
1927 2280 1967 2314 et
1998 2282 2043 2313 ut
2074 2287 2152 2314 non

1197 2344 1406 2370 concessos
1425 2344 1512 2370 esse
1532 2332 1732 2369 habendos
1749 2331 1982 2368 declaravit.
2000 2332 2153 2368 Excan-

1196 2387 1278 2424 duit
1304 2387 1475 2423 domitor
1494 2416 1502 2432 ,
1530 2386 1730 2423 Pontitieis
1758 2385 1978 2423 custodiam
2010 2385 2153 2422 arctio-

1198 2453 1282 2478 rem
1311 2441 1494 2485 reddidit,
1522 2446 1562 2477 et
1589 2440 1743 2477 maiora
1769 2440 1871 2476 forte
1897 2443 2152 2486 attentasset,

1197 2495 1270 2531 nisi
1299 2495 1443 2532 bellum
1471 2495 1678 2531 institisset
1704 2496 1728 2528 1.
1758 2494 1879 2531 Brevi
1905 2497 1994 2541 post
2019 2493 2151 2532 divina

1197 2549 1452 2586 Providentia
1471 2549 1738 2597 persecutoris
1758 2548 1976 2597 potentiam
1993 2547 2149 2586 deiecit.

1244 2604 1301 2641 26.
1332 2603 1432 2640 Pius
1462 2603 1544 2639 Vll
1575 2603 1742 2640 Romam
1770 2602 1874 2639 redit
1901 2606 1979 2646 (an.
2002 2603 2151 2647 1814)-

1198 2658 1283 2700 Quo
1317 2658 1444 2706 magis
1478 2658 1671 2706 superbus
1698 2662 1738 2695 et
1772 2657 2004 2694 ambitiosus
2033 2657 2153 2694 domi-

1200 2717 1260 2748 tor
1294 2713 1513 2750 Ecclesiam
1547 2713 1842 2758 insectabatur,
1876 2723 1922 2750 eo
1957 2712 2071 2749 citius
2104 2713 2154 2750 ad

1200 2768 1354 2804 ruinam
1387 2780 1500 2805 suam
1536 2769 1789 2817 properabat.
1824 2768 1920 2805 Post
1961 2768 2153 2816 praelium

1199 2822 1403 2870 Lipsiense
1443 2833 1467 2858 a
1506 2823 1798 2860 confoederatis
1837 2822 2076 2872 principibus
2114 2823 2154 2859 in

1200 2875 1370 2912 Galliam
1400 2875 1609 2920 redactus,
1637 2877 1824 2925 novisque
1852 2877 1889 2913 in
1915 2877 2002 2925 ipsa
2026 2877 2156 2913 Gallia

1203 2930 1341 2976 pugnis
1361 2935 1585 2978 superatus,
1605 2932 1649 2967 x⁰
1669 2931 1932 2969 calend-febr.
1946 2931 2037 2969 1814
2056 2930 2155 2966 Pon-

1203 2983 1344 3020 tiliccm
1381 2984 1744 3034 Fonte-Bellaquco
1785 2985 1833 3022 ad
1867 2986 2023 3023 Italicos
2056 2985 2156 3021 fines

1200 3036 1337 3073 deduci
1360 3038 1486 3075 iussit.
1506 3039 1598 3076 Pius
1618 3041 1687 3076 Vll
1710 3045 1797 3088 post
1815 3052 1973 3078 meuses
1992 3049 2114 3088 prope
2134 3039 2156 3076 2

1202 3090 1381 3127 libertate
1420 3092 1611 3137 donatus,
1641 3094 1765 3142 pridie
1800 3093 1983 3131 calendas
2017 3093 2156 3140 aprilis

1202 3145 1419 3181 Bononiam
1448 3146 1648 3194 ingressus
1674 3152 1756 3194 est;
1776 3148 1992 3196 eodemque
2010 3146 2073 3184 die
2091 3157 2155 3184 oc-

1250 3277 1255 3296 ¹
1276 3278 1367 3310 Card.
1387 3278 1501 3317 Pacta,
1522 3277 1683 3312 Memoria
1699 3285 1783 3323 part.
1804 3281 1846 3314 ΙΙ.
