2241 3473
202 120 253 158 74

202 194 421 233 Primarius
440 192 717 243 persecutionis
736 193 873 228 auctor
892 190 968 227 fuit
988 189 1098 226 Gale-

149 248 232 286 rius
252 259 402 293 caesar,
425 247 483 283 vir
502 246 689 282 omnibus
709 246 784 293 qui
800 245 994 291 fuerunt,
1016 254 1099 279 ma·

151 302 199 338 lis
214 300 479 349 peior-,inquit
495 297 724 335 Lactantius
743 295 767 334 ¹.
790 296 826 333 Is
846 295 1026 345 princeps
1046 295 1099 333 fe-

149 355 256 391 rocia
272 356 311 391 et
326 352 504 390 barbarie
521 351 618 388 nulli
638 349 961 394 secundus,initi0
978 361 1001 386 a
1017 361 1099 398 per-

149 406 353 456 sequendis
383 403 612 443 Christianis
632 414 672 440 se
691 405 886 449 tenuerat,
908 414 983 439 non
1004 414 1098 451 pro-

149 461 235 509 pria
253 458 509 500 humanitate,
526 456 592 493 sed
603 455 831 493 Diocletiani
847 455 1096 493 auctoritate.

149 514 294 551 Postea
308 523 400 548 vero
420 513 504 547 tum
521 509 674 558 proprio
690 509 729 546 in
743 508 983 546 Christianos
999 509 1098 555 odio,

149 569 231 603 tum
249 578 271 602 a
290 567 427 608 matre,
448 562 592 600 femina
611 562 1015 611 superstitiosissima,
1035 562 1098 599 in-

150 619 328 667 stigatus,
340 616 580 653 Diocletiano
598 615 837 664 imperatori,
848 616 914 664 qui
927 627 1030 660 eum,
1039 616 1102 652 de-

151 671 268 708 victis
290 670 423 707 Persis
443 670 592 706 elatum
611 672 650 706 et
666 669 900 706 auctoritate
917 669 1017 718 apud
1033 668 1101 706 mi·

149 724 237 761 lites
257 723 470 772 pollentem
483 752 492 768 ,
513 722 590 760 iam
611 723 927 770 pertimescebat,
947 722 1099 759 tamdiu

148 777 304 821 institit,
325 776 446 814 donec
467 788 528 813 an.
550 775 627 813 303
649 775 820 813 edictum
842 780 980 813 contra
995 775 1100 812 Chri-

148 830 295 867 stianos
324 830 372 866 ab
399 841 444 867 eo
463 829 704 878 impetraret.
722 830 778 867 Eo
799 829 924 866 edicto
946 828 1098 877 praeci-

149 883 341 932 piebatur,
362 884 406 919 ut
416 883 626 921 Christiani
646 883 824 940 omnibus
845 882 1099 931 dignitatibus

148 939 188 974 et
208 936 417 973 honoribus
438 936 712 985 privarentur,
733 936 876 984 quique
897 939 1027 973 essent
1046 935 1097 972 li-

144 989 246 1027 berti
261 1001 397 1027 rursus
420 989 461 1027 in
478 990 709 1027 servitutem
725 990 1014 1038 redigerentur,
1030 1001 1097 1026 ec-

147 1043 288 1080 clesiae
309 1043 558 1080 diruerentur
571 1043 685 1089 ,libri
706 1043 808 1080 sacri
827 1043 1098 1080 combureren-

148 1100 226 1134 tur.
248 1096 461 1134 Confestim
480 1096 518 1133 in
541 1096 769 1134 Diocletiani
788 1099 829 1133 et
843 1095 991 1133 Galerii
1004 1107 1096 1145 pro-

150 1150 288 1187 vinciis
309 1149 497 1187 ecclesiae
517 1150 751 1195 destructae,
771 1149 913 1187 altaria
933 1161 1073 1186 eversa
1089 1178 1098 1195 ,

146 1203 235 1240 libri
255 1203 368 1249 sacri,
384 1203 646 1241 ecclesiastica
661 1204 805 1252 scripta
821 1206 860 1240 et
875 1206 1099 1251 martyrum

148 1258 238 1294 acta
255 1260 516 1302 concremata,
532 1257 645 1294 multi
661 1256 884 1302 Christiani,
902 1256 966 1305 qui
981 1256 1099 1293 libros

147 1321 278 1347 sacros
294 1310 590 1358 magistratibus
609 1311 887 1347 comburendos
902 1310 1006 1347 haud
1022 1312 1100 1347 tra-

148 1364 240 1401 dere
255 1363 327 1400 sibi
343 1364 523 1413 religioni
538 1364 747 1410 ducebant,
762 1363 968 1401 tormentis
984 1367 1024 1400 et
1038 1375 1101 1400 ne-

147 1429 191 1454 ce
221 1416 354 1458 affecti
383 1421 486 1455 sunt.
509 1417 582 1459 Qui
612 1429 728 1463 vero,
750 1429 965 1466 poenarum
994 1419 1099 1454 metu

146 1469 276 1515 fracti,
297 1470 416 1508 libros
444 1483 574 1508 sacros
595 1470 743 1508 aliasve
763 1471 1019 1508 ecclesiarum
1038 1482 1101 1508 res

147 1523 444 1572 magistratibus
458 1525 687 1573 prodebant,
700 1524 885 1573 appellati
901 1527 993 1562 sunt
1010 1529 1100 1561 tra-

147 1577 313 1622 ditores,
348 1580 387 1615 et
403 1590 427 1615 a
441 1577 628 1615 fratribus
649 1590 719 1615 ceu
735 1577 953 1627 Religionis
975 1577 1101 1615 deser-

147 1637 252 1668 tores
267 1631 543 1679 habiti,quales
559 1631 663 1669 haud
678 1630 1099 1681 paucifuerunt,etiam

149 1683 253 1721 inter
278 1683 450 1731 clericos,
471 1686 700 1734 praesertim
720 1684 759 1722 in
780 1684 980 1723 Numidia.

200 1737 296 1775 Cum
312 1738 426 1787 paulo
442 1743 528 1787 post
543 1738 794 1776 Nicomediae
817 1738 1004 1788 palatium
1018 1750 1101 1776 cae-

149 1802 307 1828 sareum
327 1792 493 1829 fiammis
513 1791 650 1829 fuisset
671 1792 864 1838 dirutum,
891 1792 1074 1830 Galerius
1090 1822 1100 1837 ,

150 1855 224 1892 quo
245 1847 405 1882 auctore
426 1845 463 1882 id
483 1844 631 1882 factum
648 1845 781 1890 fuisse,
801 1845 904 1882 haud
925 1857 1027 1883 vana
1043 1848 1102 1883 est

150 1897 330 1946 suspicio,
343 1910 429 1935 cum
446 1898 741 1947 sanguinolento
761 1898 844 1936 eius
860 1898 898 1935 in
916 1898 1102 1936 Christia-

152 1963 221 1988 nos
236 1950 321 1988 odio
338 1955 599 1989 memoratum
617 1952 790 1989 edictum
803 1964 877 1988 non
893 1952 1101 1999 sufficeret,

150 2004 219 2041 hos
238 2004 339 2053 ipsos
355 2005 456 2054 apud
473 2005 758 2042 Diocletianum
774 2005 943 2043 incendii
960 2007 999 2042 et
1015 2018 1099 2043 con-

151 2057 374 2107 spirationis
400 2058 438 2095 in
460 2059 583 2096 vitam
604 2058 854 2108 imperatoris
875 2060 1101 2105 accusavit,

151 2110 372 2160 effecitque,
394 2116 436 2149 ut
456 2112 488 2150 is
508 2124 641 2150 omnes
663 2111 768 2149 urbis
788 2112 1031 2150 Christianos
1051 2112 1100 2150 si-

152 2175 200 2201 ne
223 2165 452 2203 conditionis
484 2170 600 2215 atque
625 2166 766 2203 aetatis
787 2165 1010 2203 discrimine
1034 2177 1103 2203 ca-

151 2218 339 2256 ftffl'Vatim
367 2218 549 2267 iugulffl'i2
578 2219 754 2256 comburi
784 2224 823 2256 θῑ
849 2219 959 2268 aquis
979 2219 1103 2268 mel’gi
1124 2235 1127 2251 ²
1147 2229 1236 2267 inde
1270 2228 1310 2266 in
1331 2228 1554 2266 naturalem
1574 2227 1694 2266 situm
1716 2228 1883 2267 dimissis
1904 2229 2068 2279 alligata
2083 2258 2094 2277 ‚

154 2271 318 2309 iuberet.
341 2272 488 2310 Eodem
508 2275 681 2322 tempore
703 2272 902 2310 seditionis
918 2273 955 2310 in
972 2273 1106 2311 Arme-

158 2325 224 2362 nia
251 2325 387 2363 minori
418 2330 458 2363 et
485 2326 588 2364 Siria
617 2330 777 2364 exortae
794 2327 1005 2364 Christiani
1037 2338 1105 2375 per

153 2390 344 2416 summam
385 2379 620 2417 calumniam
660 2380 831 2417 accusati
861 2383 973 2425 sunt3
1003 2392 1105 2429 qua-

153 2435 313 2481 ΡῘὌΡῗθΓ
332 2433 496 2482 episcopi
512 2463 521 2478 υ
540 2434 758 2482 Pl'eSbXtffl'i
780 2434 1002 2483 caeterique
1023 2434 1105 2471 010-
1126 2455 1129 2497 ᾗ
1149 2454 1349 2493 emergere
1379 2446 1417 2479 et
1451 2443 1498 2480 ad
1525 2454 1646 2479 novos
1679 2443 1878 2482 cruciatus
1899 2443 2099 2482 reservari

1126 2515 1129 2524 =
1150 2500 1328 2546 possem
1351 2507 1438 2533 nam
1462 2509 1535 2533 non
1553 2498 1634 2532 tam
1653 2508 1755 2533 mors
1771 2496 2098 2545 Christianorum,

153 2486 234 2531 rici,
255 2488 388 2535 utpote
409 2486 717 2525 Christianorum
738 2487 870 2529 duces,
892 2488 1035 2535 ubique
1067 2488 1105 2524 in

155 2551 335 2578 carceres
360 2540 522 2578 coniecti
556 2543 666 2586 sunt,
703 2545 742 2578 et
776 2541 885 2578 brevi
916 2545 1001 2590 post
1034 2541 1108 2578 fuit

155 2593 397 2638 mandatum,
419 2596 460 2631 ut
479 2593 544 2643 qui
564 2606 614 2631 ex
644 2595 690 2632 iis
719 2593 937 2632 sacrificare
958 2593 1107 2633 renuis-

154 2649 253 2692 sent,
281 2647 483 2695 exquisitis
504 2648 708 2685 tormentis
733 2649 991 2685 allicerentur.
1009 2648 1109 2685 Tan-

155 2700 243 2737 dem
265 2701 405 2738 ειη-304
428 2701 641 2749 hocipsum
663 2702 888 2739 mandatum
911 2702 958 2739 ad
976 2714 1108 2740 omnes
1128 2695 1129 2723 ³

155 2751 491 2792 indiscriminatim
517 2755 758 2793 Christianos
787 2762 990 2792 extensum
1023 2755 1105 2793 fuit.

208 2806 269 2843 Sic
299 2810 414 2844 enata
443 2812 502 2846 est
531 2809 764 2857 persecutio,
794 2808 968 2846 omnium
990 2812 1107 2857 quot-

157 2863 249 2907 quot
278 2860 463 2898 hactenus
493 2862 677 2908 fuerunt,
706 2862 999 2907 crudelissima,
1025 2862 1106 2899 sive

157 2912 239 2950 cius
255 2912 553 2951 diuturnitatem
573 2919 611 2953 ct
627 2915 1001 2961 extensionem,sive
1022 2927 1108 2965 sup-
1128 2940 1129 2948 η

156 2966 356 3015 pliciorum
378 2969 624 3006 atrocitatem
656 2972 696 3007 et
722 2972 943 3018 martyrum
967 2981 1105 3007 nume-

158 3072 302 3110 Illirico
324 3077 363 3111 et
383 3074 565 3122 Thracia,
585 3076 726 3125 quibus
745 3077 992 3126 imperabant
1013 3077 1107 3115 Dio-

202 3190 209 3210 ¹
228 3190 271 3222 lle
287 3194 381 3223 morl.
396 3195 552 3232 persecut.
572 3202 586 3223 c
614 3194 641 3224 9.

645 129 805 158 EPOCHA
832 129 874 155 11.
902 129 931 156 A
958 127 1099 154 MORTE
1127 125 1158 153 S·
1186 127 1349 154 IOANNIS
1375 128 1567 156 APOSTOLI

1139 193 1331 231 eletianus
1352 195 1391 231 et
1403 193 1600 240 Galerius,
1611 196 1827 243 persecutio
1837 196 1879 234 in
1893 196 2087 235 Christia-

1141 259 1209 284 nos
1229 247 1396 293 exarsit3
1417 247 1484 284 sed
1504 258 1594 284 cum
1613 247 1679 285 isti
1698 249 1891 299 principes
1910 250 1994 288 fera
2017 262 2091 288 sua

1140 301 1268 338 edicta
1283 312 1370 338 cum
1391 300 1590 346 Herculio,
1611 300 1672 338 cui
1692 302 1819 349 Italia,
1839 304 2030 352 Hispania
2049 305 2090 342 et

1140 353 1286 400 Africa,
1306 356 1345 392 et
1365 366 1451 391 cum
1468 353 1694 391 Constantio
1710 355 1862 402 Chloro,
1878 358 1938 394 cui
1956 356 2089 395 Gallia

1140 412 1181 446 et
1200 408 1404 445 Britannia
1434 407 1633 445 subiectae
1655 413 1780 455 erant,
1801 411 2090 449 communicas-

1140 464 1238 508 sent,
1259 461 1463 499 confestim
1483 461 1690 498 Herculius
1707 473 1755 498 ea
1773 462 1812 499 in
1832 466 1915 501 toto
1935 476 2004 501 suo
2021 465 2092 502 im-

1140 516 1248 565 perio
1265 515 1486 553 executioni
1502 514 1679 551 mandari
1694 514 1819 553 iussit.
1837 516 2089 555 Constantius

1140 581 1250 614 vero,
1266 569 1403 607 melius
1419 580 1513 617 erga
1529 568 1765 605 Christianos
1777 568 1956 616 affectus,
1968 572 2090 609 eccle-

1142 624 1220 661 sias
1240 623 1399 672 quidem
1417 633 1550 659 eorum
1572 621 1673 658 dirui
1692 633 1828 671 passus
1848 626 1927 668 est,
1947 635 1995 661 ne
2014 636 2092 663 ma-

1141 677 1269 714 iorum
1295 687 1454 714 suorum
1474 675 1691 724 praeceptis
1712 675 1914 713 dissentire
1934 676 2091 714 videre-

1142 734 1234 776 tur,
1262 730 1329 767 sed
1359 741 1496 766 verum
1528 728 1599 766 Dei
1630 729 1835 778 templum,
1854 730 1955 777 quod
1975 732 2034 768 est
2052 730 2090 767 in

1141 783 1373 828 hominibus,
1395 783 1449 820 ait
1469 782 1711 828 Lactantius,
1727 782 1828 820 idest
1846 782 2092 832 Christianae

1140 837 1252 874 Fidei
1271 836 1554 874 confessionem
1578 848 1652 873 non
1672 836 1885 874 divexavit.
1909 848 1932 874 <<
1950 836 2089 874 Vexa-

1142 891 1256 928 batur
1285 889 1470 927 universa
1494 891 1620 935 terra,
1643 890 1775 927 subdit
1794 889 1899 927 idem
1918 890 2092 934 Lactan-

1141 945 1234 989 tius,
1256 947 1295 981 et
1315 946 1472 992 praeter
1492 942 1644 980 Gallias
1659 944 1707 980 ab
1723 942 1883 980 Oriente
1901 955 2024 993 usque
2040 944 2090 982 ad

1142 997 1392 1034 Occidentem
1418 1001 1498 1033 tres
1527 997 1802 1034 acerbissimae
1828 997 1977 1034 bestiae
1997 1009 2090 1035 sae-

1141 1051 1303 1088 viebant
1322 1061 1357 1088 ».
1370 1050 1426 1087 Eo
1443 1050 1644 1088 cruentior
1658 1049 1735 1087 fuit
1750 1050 1846 1087 haec
1862 1050 2092 1098 persecutio,

1141 1105 1245 1153 quod
1266 1103 1564 1153 magistratibus
1584 1106 1686 1141 esset
1700 1103 1942 1150 mandatum,
1955 1105 2000 1141 ut
2015 1115 2092 1143 non

1141 1158 1264 1195 solum
1296 1157 1489 1195 consuetis
1518 1157 1724 1194 tormentis
1753 1156 1995 1194 Christianos
2014 1186 2025 1203 ,
2044 1157 2092 1194 ad

1141 1211 1442 1250 sacrificandum
1458 1212 1653 1259 cogerent,
1670 1211 1737 1248 sed
1754 1222 1856 1248 nova
1871 1210 1990 1248 etiam
2007 1222 2094 1260 sup-

1143 1265 1348 1314 pliciorum
1377 1275 1523 1313 genera
1552 1264 1793 1302 adhiberent.
1822 1263 1901 1302 Alii
1931 1263 2055 1313 igitur
2072 1276 2095 1301 e

1142 1318 1373 1357 Christianis
1388 1347 1397 1363 ,
1417 1317 1543 1366 capite
1563 1317 1738 1355 truncati
1758 1320 1849 1355 sunt
1866 1347 1876 1365 ,
1897 1318 1994 1355 adeo
2024 1319 2070 1355 ut
2085 1346 2095 1364 ‚

1143 1372 1309 1410 Eusebio
1328 1374 1445 1416 teste,
1461 1370 1581 1420 gladii
1601 1371 1901 1416 hebetarentur3
1923 1370 1990 1408 alii
2009 1383 2095 1421 gre-

1142 1426 1266 1475 gatim
1287 1425 1528 1463 circumdato
1548 1424 1639 1473 igne
1659 1424 1852 1462 combusti
1874 1428 1945 1462 aut
1959 1424 2093 1474 ligatis

1143 1480 1191 1517 ad
1221 1478 1365 1517 collum
1392 1478 1584 1527 lapidibus
1610 1478 1649 1515 in
1680 1490 1801 1527 aquas
1820 1478 2001 1525 coniecti3
2025 1478 2093 1516 alii

1143 1533 1297 1581 ungulis
1318 1532 1456 1570 ferreis
1480 1543 1602 1580 usque
1623 1531 1671 1569 ad
1693 1543 1780 1569 ossa
1799 1534 1840 1569 et
1858 1531 2012 1570 viscera
2033 1532 2096 1570 di-

1143 1587 1296 1633 laniati,
1317 1589 1359 1623 et
1380 1598 1456 1623 non
1476 1588 1630 1622 tantum
1651 1585 1690 1622 in
1711 1585 1902 1623 lateribus
1922 1588 1963 1623 et
1982 1586 2096 1624 dorso

1143 1641 1209 1678 sed
1227 1640 1266 1677 in
1279 1641 1420 1677 ventre
1432 1639 1551 1676 etiam
1566 1640 1606 1676 et
1616 1638 1726 1687 genis
1741 1638 1917 1683 lacerati;
1928 1638 1995 1677 alii
2010 1650 2097 1677 can-

1143 1693 1325 1732 dentibus
1352 1692 1508 1730 laminis
1528 1694 1597 1729 aut
1615 1692 1764 1729 facibus
1785 1692 1952 1731 admotis
1980 1695 2093 1731 ustu-

1141 1749 1234 1795 lati3
1254 1748 1424 1785 aliorum
1444 1746 1612 1783 vulnera
1631 1744 1804 1783 immisso
1825 1747 1936 1784 aceto
1954 1748 1995 1784 et
2013 1746 2096 1784 sale

1143 1802 1402 1847 exacerbata;
1428 1799 1497 1837 alii
1518 1799 1556 1836 in
1578 1799 1776 1837 craticulis
1795 1800 1932 1849 prunis
1950 1812 2096 1850 suppo-

1142 1856 1226 1893 sitis
1247 1854 1388 1898 assati3
1409 1853 1476 1891 alii
1495 1856 1674 1890 recenter
1695 1853 1890 1891 vulnerati
1906 1853 1947 1891 in
1967 1855 2097 1892 testa-

1143 1921 1230 1946 rum
1243 1910 1449 1946 acutarum
1460 1906 1717 1955 fragminibus
1728 1906 1894 1945 volutati
1906 1920 1915 1954 3
1927 1906 2096 1945 aliorum

1144 1962 1333 2011 capitibus
1366 1961 1405 1998 in
1438 1963 1586 1998 terram
1624 1961 1821 1998 conversis
1858 1960 2097 2010 pedibusque

1144 2027 1297 2053 sursum
1307 2014 1472 2052 elevatis
1487 2014 1618 2051 lentus
1633 2013 1737 2063 ignis
1752 2014 2099 2063 supponitur3alio-

1145 2081 1233 2106 rum
1255 2067 1450 2117 unguibus
1470 2066 1598 2104 aculei
1618 2069 1687 2104 aut
1706 2067 1950 2106 acutissimae
1970 2079 2094 2106 arun-

1145 2123 1254 2160 dines
1274 2121 1442 2168 infixae3
1463 2120 1630 2158 aliorum
1651 2131 1766 2158 crura
1785 2120 2014 2159 distantium
2035 2133 2101 2160 ar-

1145 2177 1283 2213 borum
1303 2175 1402 2212 rami
1419 2173 1457 2211 vi
1477 2174 1549 2211 sibi
1578 2173 1746 2211 invicem
1776 2175 1943 2213 admotis
1965 2179 2005 2213 et
2025 2176 2096 2213 de-

1148 2283 1249 2320 unde
1278 2282 1418 2319 misere
1447 2281 1779 2329 discerpebantur.
1800 2281 1884 2320 Nec
1904 2294 1949 2320 eo
1970 2283 2094 2332 gradu

1147 2337 1245 2374 talia
1265 2338 1463 2373 tormenta
1483 2334 1782 2382 adhibebantur,
1801 2338 1843 2373 ut
1858 2336 2098 2375 confessores

1147 2389 1256 2427 brevi
1287 2389 1636 2437 extinguerentur,
1667 2389 1731 2426 sed
1755 2391 1796 2426 ut
1815 2389 1928 2428 multi
1949 2390 2030 2428 vivi
2050 2390 2098 2428 iis

1148 2562 1265 2600 quam
1287 2562 1423 2587 eorum
1440 2562 1462 2587 a
1479 2549 1682 2597 Religione
1702 2549 1868 2589 defectio
1885 2563 1907 2589 a
1923 2562 2099 2601 persecu-

1150 2604 1299 2642 toribus
1316 2603 1592 2641 intendebatur
1607 2602 1629 2640 ¹.

1203 2658 1265 2695 92.
1287 2658 1501 2705 Marlyres
1517 2678 1564 2684 —
1582 2657 1770 2698 Quamvis
1785 2670 1859 2696 non
1877 2658 2002 2696 solum
2019 2658 2099 2696 diu-

1150 2713 1282 2756 turna,
1313 2710 1379 2747 sed
1407 2714 1446 2747 et
1475 2710 1682 2748 admodum
1713 2723 1832 2749 saeva
1858 2712 1979 2750 fuerit
2002 2713 2100 2750 haec

1128 2790 1129 2794 ,
1151 2764 1366 2814 persecutio
1381 2794 1389 2809 ,
1411 2767 1541 2801 tamen
1565 2764 1680 2813 pauci
1698 2764 1858 2803 fuerunt
1876 2765 2099 2813 Christiani,

1128 2836 1129 2859 i
1150 2818 1212 2866 qui
1249 2818 1363 2854 fidem
1394 2818 1548 2855 Christo
1565 2819 1695 2855 datam
1717 2818 1920 2865 violarint3
1942 2819 2098 2858 confes-

1150 2884 1278 2908 sor-uni
1301 2883 1394 2908 vcro
1416 2876 1455 2908 ct
1477 2878 1696 2921 martyrum
1717 2872 1856 2921 ingens
1876 2871 1952 2910 fuit
1970 2885 2100 2911 nume·

1151 2937 1226 2962 rus.
1251 2925 1451 2970 Eusebius,
1470 2927 1577 2963 iesus
1599 2926 1787 2971 oculatus,
1810 2926 1972 2964 scribit:
1995 2939 2017 2964 «
2038 2927 2100 2965 Di-

468 3020 478 3026 *
1129 3000 1130 3010 ἶ
1150 2979 1183 3015 ci
1206 2991 1277 3015 non
1302 2982 1447 3026 potest,
1468 2982 1561 3028 quot
1577 2982 1615 3017 ct
1633 2980 1798 3028 quantos
1819 2978 1962 3017 Christi
1990 2993 2098 3019 mar-

158 3031 244 3057 rum
266 3022 426 3068 spectes.
445 3021 530 3058 hon
554 3027 709 3060 tantum
727 3023 765 3060 in
787 3023 894 3067 Asia,
914 3023 1107 3072 AEgypto,
1154 3049 1161 3052 -

1193 3071 1200 3092 ¹
1222 3073 1348 3106 Ensrb..
1373 3072 1466 3104 Hist.
1491 3074 1565 3105 eccl.
1590 3074 1607 3104 1,
1626 3075 1702 3112 vnn
1720 3075 1790 3105 item
1806 3074 1856 3105 De
1873 3074 2100 3118 Martyribus

1152 3113 1358 3144 Paleseinav
1381 3120 1407 3145 ct
1432 3116 1461 3145 in
1481 3116 1620 3153 Clzran.;
1640 3117 1785 3153 Lat-tant,
1801 3116 1850 3146 De
1867 3123 1969 3148 mort.
1982 3128 2100 3158 perse·

1153 3161 1252 3185 cmm·
1270 3166 1275 3190 ;
1293 3156 1391 3192 Oros..
1409 3157 1501 3187 msc.
1520 3158 1537 3187 Ι,
1557 3158 1622 3194 νΙΙς
1637 3158 1748 3197 Sulpic.
1767 3157 1880 3197 Seven,
1896 3158 1991 3191 Hist.
2008 3170 2098 3193 sacr.

1154 3198 1171 3228 Ι.
1190 3197 1226 3236 11,
1243 3209 1258 3227 c
1285 3198 1338 3234 3·.’;
1356 3200 1555 3237 Theodorei„
1572 3199 1661 3229 Hist.
1680 3199 1757 3230 eccl.
1772 3199 1789 3229 l.
1810 3200 1840 3230 V.
