2241 3473
236 120 319 161 318

229 205 341 241 Tunc
369 202 566 251 quaedam
592 199 741 236 ordinis
758 201 913 246 species
939 198 1138 246 apparuit.

527 129 699 159 EPOCHA'
716 128 805 156 xm.
829 128 858 154 A
877 126 1061 155 PVBLICA
1080 127 1231 156 RERVM
1251 127 1294 155 IN
1316 127 1486 156 GALLIIS
1504 128 1798 159 SVBVERSIONE

1194 198 1295 234 bona
1325 198 1599 236 ecclesiastica
1631 199 1848 245 divendita,
1880 199 2145 239 iuramentum

177 259 209 295 E
238 258 406 294 diversis
432 256 526 292 locis
553 253 862 302 supplicationes
887 253 1044 299 utrique
1064 252 1141 289 Ca—
1190 251 1269 288 odii
1297 253 1581 290 ecelesiasticis
1607 254 1704 290 viris
1729 254 2146 302 imperatum‚=sacer-

177 323 324 351 merae,
354 309 651 358 quingentorum
677 311 717 343 et
742 306 956 350 seniorum,
983 306 1139 342 oblatae
1191 305 1315 351 dotes,
1344 307 1406 354 qui
1434 308 1615 344 illicitum
1642 308 1910 345 iuramentum
1937 310 2145 355 praestare

176 369 285 408 sunt,
306 364 440 411 quibus
458 362 624 398 liberum
644 361 867 407 Religionis
887 359 1137 403 exercitium,
1188 360 1463 406 nolebant,vel
1479 362 1528 398 ad
1542 362 1718 399 latebras
1737 362 1984 410 quaerendas
2002 361 2144 404 coacti,

175 418 448 460 sacerdotum,
476 417 515 452 in
544 415 772 452 carceribus
799 414 1068 462 gementium,
1096 413 1140 449 li-

176 473 324 513 bertas,
348 474 388 507 et
406 470 707 518 deportatorum
727 469 932 505 revocatio
952 467 1136 515 peteban-

176 530 254 562 tur.
286 525 341 561 Ibi
374 527 556 560 oratores
582 523 716 571 plures
741 521 903 559 easdem
930 522 1137 558 libertates

178 578 450 616 defenderunt.
479 579 563 614 Lex
587 577 888 624 deportationis,
911 587 935 612 a
952 574 1133 623 gubernii

175 633 437 669 directoribus
463 636 604 667 contra
629 630 861 667 sacerdotes
883 628 1134 665 non-iuratos

173 686 399 733 proposita,
429 685 580 722 reiecta
602 685 686 721 fuit.
715 685 1005 721 Verumtamen
1033 682 1134 719 dire—

172 745 302 777 ctores
320 740 592 776 sacerdotibus
607 739 714 775 mille
729 749 852 775 vexas
870 737 1130 774 suscitabant.

171 795 311 830 Mense
329 797 498 841 augusto
518 793 608 830 1797
628 793 676 829 ab
694 797 862 839 utroque
882 790 1048 827 concilio
1068 790 1130 827 de-

173 852 326 885 cretum
353 848 548 884 sancitum
576 851 660 890 est,
689 857 763 894 quo
792 846 900 893 leges
928 844 1128 893 poenales,

172 906 312 939 contra
337 901 568 938 sacerdotes
594 900 844 937 non-iuratos
872 901 992 943 latae,
1018 910 1131 935 revo-

171 955 457 993 cabantur.Sed
468 955 739 992 Directorium
755 954 803 990 ad
817 954 1027 990 violentias
1044 963 1131 1001 pro-

167 1012 290 1059 rupit,
317 1010 524 1048 decretum
550 1010 705 1054 reiecit,
732 1009 863 1056 legem
891 1008 1131 1056 deportatio-

167 1067 241 1109 nis,
259 1066 318 1102 1v⁰
335 1065 520 1103 calendas
539 1065 710 1102 octobris
730 1065 821 1101 1795
841 1068 983 1100 contra
997 1074 1127 1100 sacer—

168 1120 281 1158 dotes
307 1120 559 1158 non-iuratos
586 1120 728 1163 latam,
757 1118 953 1163 restituit,
980 1129 1126 1154 novum

167 1175 455 1219 iuramentum,
482 1186 626 1222 nempe
653 1173 730 1209 odii
758 1173 795 1209 in
822 1173 976 1221 regiam
1004 1173 1125 1209 maie-

165 1233 311 1266 statem
332 1258 340 1272 ,
367 1228 627 1277 praescripsit
642 1231 669 1261 1.

212 1284 247 1320 6.
278 1283 391 1319 Galli
416 1285 613 1332 occupant
631 1282 816 1330 Belgium
834 1282 871 1318 et
889 1280 1061 1318 Italiam
1082 1303 1121 1308 —

168 1338 368 1374 Interdum
396 1337 499 1373 Galli
526 1348 590 1373 an.
619 1337 713 1374 1792
738 1337 943 1373 irruerant
969 1336 1009 1372 in
1036 1336 1125 1372 Bel-

168 1392 290 1439 gium,
309 1396 350 1429 et
367 1392 561 1428 maiorem
581 1391 667 1428 eius
687 1395 842 1439 partem
863 1395 1124 1438 occuparant3

165 1445 233 1482 sed
263 1456 365 1481 anno
393 1445 613 1493 insequenti
651 1445 798 1493 repulsi
833 1448 938 1481 sunt.
973 1444 1125 1481 Eodem

165 1510 270 1536 anno
295 1503 438 1536 contra
455 1511 524 1536 eos
543 1499 666 1536 ictum
685 1503 746 1536 est
770 1498 907 1536 foedus
925 1499 1029 1536 inter
1048 1501 1126 1534 Au—

167 1554 350 1598 striacos,
378 1554 594 1597 Borussos,
624 1557 809 1590 caeteros
836 1553 995 1600 imperii
1021 1553 1126 1600 prin-

169 1608 290 1656 cipes,
319 1608 487 1655 Anglos,
514 1608 704 1651 Batavos,
731 1607 945 1655 Hispanos,
972 1607 1123 1643 Lusita-

166 1673 251 1705 nos,
285 1661 440 1699 Siculos
471 1666 511 1698 et
542 1661 711 1706 Sardos,
745 1661 845 1709 quod
877 1665 1010 1697 tamen
1038 1672 1124 1709 pro-

164 1719 253 1762 pter
279 1716 484 1753 contraria
503 1715 875 1753 confoederatorum
897 1715 1028 1751 studia
1047 1719 1123 1751 sta-

169 1769 360 1807 bilitatem
387 1781 466 1806 non
493 1770 643 1806 habuit.
671 1771 787 1805 Anno
808 1770 900 1806 1794
918 1769 1020 1806 Galli
1039 1781 1123 1806 rur-

167 1835 234 1860 sus
260 1825 298 1859 in
324 1824 464 1871 Belgio
492 1824 718 1861 foederatos
745 1823 929 1871 aggressi
959 1827 1064 1868 sunt;
1083 1823 1121 1859 in

167 1878 318 1925 campis
348 1878 705 1915 Cameracensibus
733 1882 772 1914 et
800 1877 1122 1914 Tornacensibus

161 1932 255 1969 victi
274 1961 282 1976 ,
317 1932 387 1969 sed
414 1932 463 1968 ad
491 1944 640 1981 pagum
667 1933 837 1969 Fleurus
863 1932 902 1968 in
929 1932 1121 1969 comitatu

163 1986 433 2023 Namurcensi
452 1987 841 2034 victores,reliquum
861 1986 1044 2033 Belgium
1060 1997 1122 2023 ra-

166 2040 256 2088 pido
292 2052 411 2077 cursu
442 2041 719 2088 subiugarnnt.
749 2041 971 2077 Subsecuta
997 2040 1120 2077 duris-

161 2096 262 2131 sima
276 2094 421 2139 hieme,
433 2100 693 2143 penetrarunt
709 2096 746 2130 in
763 2094 1029 2138 Hollandiam‚
1042 2096 1118 2139 cui,

159 2153 418 2186 exauctorato
434 2149 611 2197 principe
631 2150 894 2191 Arausicano,
913 2148 1117 2187 democra-

158 2203 226 2240 tici
252 2204 459 2251 regiminis
486 2204 657 2241 formam
676 2203 884 2248 dederunt;
903 2205 1116 2241 nonnullae

158 2259 260 2295 illius
288 2258 479 2296 territorii
507 2262 644 2306 partes
663 2269 752 2295 curn
772 2259 911 2305 Belgio
926 2259 1114 2296 universo

156 2319 196 2350 et
223 2313 448 2361 principatu
466 2312 674 2349 Leodiensi
695 2324 797 2349 anno
818 2313 910 2350 1795
933 2314 1117 2360 reipubli-

160 2379 232 2405 cae
247 2367 424 2404 Gallicae
439 2368 599 2405 fuerunt
614 2367 836 2404 adiunctae.
850 2367 999 2404 Eodem
1013 2380 1114 2405 anno

157 2423 260 2460 Galli
287 2426 474 2470 superato
493 2423 646 2466 Rheno,
666 2422 705 2458 in
724 2423 940 2459 Germania
960 2435 1036 2460 non
1057 2436 1116 2461 se-

159 2478 239 2514 mel
267 2477 360 2513 victi
379 2482 471 2514 sunt
490 2489 513 2514 a
539 2477 754 2514 fortissimo
773 2478 918 2514 comite
936 2477 984 2514 de
1004 2479 1114 2516 Cler-

155 2532 251 2580 sayt,
279 2543 353 2580 quo
381 2532 492 2569 initio
519 2532 611 2569 anni
638 2532 842 2580 sequentis
868 2532 916 2568 ab
944 2532 1112 2580 imperio

155 2586 356 2623 exercitus
387 2590 542 2630 amoto,
571 2585 793 2634 aliquandiu
824 2587 1000 2622 victores
1031 2587 1112 2624 fue-

155 2645 264 2685 runt3
290 2640 432 2678 deinde
452 2653 475 2677 a
494 2641 638 2679 Carolo
658 2640 870 2677 archiduce
886 2640 1032 2687 pluries
1051 2654 1112 2678 su-

158 2695 299 2743 perati,
329 2696 510 2732 Rhenum
540 2695 727 2732 traiicere
755 2696 881 2731 coacti
899 2699 1003 2731 sunt.

203 2749 467 2786 Direetorinm
480 2753 612 2786 autem
627 2749 716 2786 νιιιο
731 2748 1112 2786 calenddecembris

156 2801 247 2841 1795
276 2805 502 2852 provincias
520 2804 651 2852 Belgii
671 2803 851 2840 omnibus
871 2804 1109 2852 reipublicae

156 2859 307 2906 legibus
334 2860 532 2897 subiectas
559 2859 791 2896 declaravit.
814 2859 1029 2897 Confestim
1052 2871 1109 2896 rc-

155 2913 454 2960 giminisforma
473 2914 524 2950 ibi
539 2918 581 2949 ut
597 2913 633 2949 in
650 2913 779 2950 Gallia
793 2912 864 2949 fuit
879 2914 1110 2957 constituta,

154 2967 341 3004 nobilium
369 2968 464 3005 ordo
483 2969 715 3015 abrogatus,
736 2967 908 3004 Ordines
934 2967 1113 3015 religiosi

153 3023 369 3069 suppressi,
398 3023 644 3059 monasteria
669 3027 708 3059 et
735 3022 882 3070 templa
897 3021 1112 3069 depraeda-

154 3079 208 3120 ta,
225 3077 418 3113 nonnulla
433 3076 554 3124 impio
573 3076 756 3113 Rationis
771 3077 875 3113 cultu
888 3077 1112 3124 profanata,

160 3150 367 3163 —-—

155 3194 361 3271 ῃὲἳίὲὅιῚϊοη
382 3199 414 3227 et
431 3193 582 3234 Guillon,
611 3193 703 3233 citt.;
722 3192 1038 3235 Pic01,Me'm0i1·es,
1057 3204 1108 3227 an.

1187 414 1479 453 ecclesiasticus
1497 420 1624 453 status
1642 417 1802 453 tristem
1820 417 1860 452 in
1879 416 2037 453 modum
2055 426 2144 464 per·

1189 468 1384 506 turbatus.
1805 466 1810 470 '

1237 522 1388 560 Eodem
1416 528 1594 573 tempore
1621 524 1750 568 Galli,
1777 524 1878 562 duce
1909 524 2142 571 Napoleone

1185 575 1435 624 Bonaparte,
1465 579 1504 614 in
1531 579 1644 615 Italia
1670 589 1987 626 quaquaversum
2009 576 2143 614 victri-

1185 629 1246 666 cia
1279 642 1393 669 arma.
1428 632 1700 680 proferebant.
1740 633 1968 680 Bonaparte
2002 642 2142 678 regem

1186 683 1393 722 Sardiniae
1408 687 1583 734 aliosque
1598 686 1928 735 principesltalos
1942 685 1991 722 ad
2005 684 2141 720 ineun-

1183 736 1275 774 dam
1303 751 1392 775 cum
1419 741 1622 788 republica
1648 741 1803 777 Gallica
1829 750 1970 787 pacem
1994 737 2141 785 coegit3

1183 794 1385 838 superatis
1420 794 1542 841 copiis
1575 794 1800 830 Austriacis
1819 822 1828 838 ‚
1857 792 2139 834 Mediolanum,

1184 845 1392 883 Mantuam
1414 848 1592 895 aliasque
1611 849 1794 885 civitates
1811 847 1988 894 subegit;
2007 846 2141 893 plures

1187 900 1307 937 etiam
1335 901 1563 948 pontificiae
1590 901 1748 939 ditionis
1773 901 1956 938 civitates
1973 909 2141 947 occupa-

1183 954 1257 999 vit;
1296 955 1480 993 Pontifici
1517 968 1658 1005 pacem
1690 956 1894 1005 promisit,
1926 953 2042 995 modo
2076 953 2140 990 hic

1181 1009 1665 1057 21‚000,000franeo12um‚
1681 1011 1903 1060 legationes
1919 1008 2140 1046 Bononien-

1184 1075 1266 1100 sem
1283 1067 1324 1100 et
1342 1065 1664 1110 Feri-ariensem,
1680 1076 1816 1102 arcem
1830 1063 2138 1113 Anconitanam,

1181 1122 1221 1154 et
1236 1119 1474 1165 pretiosiora
1488 1120 1674 1168 antiquae
1694 1120 1793 1156 artis
1808 1121 2066 1156 monumenta
2081 1121 2138 1154 at·

1181 1183 1254 1219 que
1273 1174 1547 1222 manuscripta
1564 1175 1756 1222 gubernio
1775 1173 1926 1211 Gallico
1944 1172 2138 1209 traderet.

1179 1226 1327 1263 PiusVl
1346 1239 1366 1264 e
1383 1228 1645 1265 cardinalium
1664 1229 1828 1265 consilio
1847 1228 1895 1265 ad
1914 1226 2138 1264 faciendum

1178 1281 1276 1318 satis
1303 1282 1591 1320 conditionibus
1622 1283 1726 1327 istis,
1754 1287 1797 1319 nt
1821 1286 1866 1319 ut
1895 1281 2137 1326 durissimis,

1177 1340 1267 1372 erat
1285 1341 1467 1384 paratus;
1494 1337 1563 1374 sed
1589 1338 1858 1375 Directorium
1885 1335 2134 1374 conditiones

1178 1391 1287 1438 pacis
1305 1392 1545 1429 confirmare
1565 1393 1703 1437 noluit,
1723 1393 1798 1429 nisi
1817 1392 2003 1428 Pontifex
2017 1401 2134 1439 quae-

1177 1456 1346 1493 cumque
1373 1446 1412 1482 in
1439 1457 1559 1484 causa
1578 1447 1703 1483 civilis
1730 1446 2021 1484 constitutionis
2039 1445 2136 1482 cleri

1179 1503 1219 1535 et
1233 1500 1581 1537 schismaticorum
1600 1501 1980 1538 eonstitutionalium
1998 1499 2135 1536 decre-

1174 1558 1318 1598 verat,
1347 1555 1481 1602 palam
1513 1558 1770 1592 retractaret.
1799 1555 1926 1596 Quum
1959 1553 2054 1590 Pius
2080 1553 2134 1589 VI

1175 1619 1246 1655 pro
1284 1609 1460 1646 muneris
1499 1609 1560 1645 sui
1597 1609 1725 1646 officio
1763 1608 1985 1646 huiusmodi
2020 1611 2136 1655 pacto

1174 1663 1372 1699 assentire
1399 1674 1476 1699 non
1503 1667 1651 1711 posset,
1677 1665 1906 1711 Bonaparte
1924 1661 2136 1710 occupavit

1178 1717 1497 1754 marchionatum
1532 1718 1827 1755 Anconitanum
1867 1721 1907 1754 et
1944 1716 2131 1752 ducatum

1173 1770 1500 1817 Urbinatensem,
1519 1772 1763 1820 spoliatoque
1786 1770 1964 1808 sacrario
1983 1771 2130 1806 Laure-

1174 1827 1280 1869 tano,
1297 1825 1524 1873 penetravit
1538 1826 1794 1863 Tolentinum
1809 1836 1945 1873 usque-
1961 1824 2037 1860 Hic
2050 1824 2130 1859 Au-

1172 1879 1342 1916 striacos
1370 1891 1393 1916 a
1412 1883 1527 1928 tergo
1555 1880 1639 1917 eius
1658 1883 1793 1917 castra
1817 1881 2024 1916 moventes
2050 1888 2133 1913 me-

1173 1937 1302 1978 tuens,
1330 1935 1390 1971 xi⁰
1410 1935 1565 1971 calend.
1586 1935 1752 1972 martias
1775 1934 1864 1971 1797
1884 1944 2026 1982 pacem
2041 1942 2130 1968 cum

1172 1987 1366 2025 Pontifiee
1399 1989 1589 2037 signavit,
1621 2000 1696 2038 qua
1729 1989 1853 2026 Gallis
1886 1987 2130 2025 cedebantur

1170 2043 1276 2079 ultra
1303 2043 1529 2088 30‚000‚000
1555 2045 1788 2081 francorum
1815 2046 1856 2081 et
1882 2042 2007 2079 multa
2031 2040 2130 2078 artis

1171 2101 1428 2134 monumenta
1454 2109 1502 2134 ac
1528 2098 1802 2146 manuscripta
1827 2095 2128 2146 pretiosissima,

1169 2150 1266 2188 ditio
1286 2153 1591 2198 Avenionensis‚
1612 2154 1689 2190 iam
1708 2151 1852 2189 dudum
1871 2151 1919 2188 ab
1938 2151 2014 2187 illis
2030 2150 2127 2186 iniu-

1170 2211 1229 2243 ste
1259 2212 1453 2255 occupata
1473 2237 1481 2252 ‚
1508 2213 1548 2245 et
1582 2207 1804 2255 legationes
1838 2205 2126 2249 Bononiensis,

1170 2261 1446 2299 Ferrariensis
1473 2266 1514 2299 et
1540 2261 1874 2299 Ravennatensis.
1890 2259 2041 2297 Eodem
2059 2269 2126 2296 an-

1169 2327 1220 2351 no
1243 2316 1298 2351 v1⁰
1316 2316 1470 2353 calend.
1490 2317 1716 2353 novembris
1736 2317 1965 2364 Bonaparte
1984 2324 2125 2363 pacem

1168 2368 1341 2416 signavit
1372 2382 1461 2406 cum
1492 2370 1732 2414 Austriacis,
1765 2379 1844 2417 qua
1873 2368 2055 2416 Belgium
2082 2371 2123 2404 et

1171 2424 1349 2460 nonnulli
1380 2428 1516 2471 portus
1550 2428 1663 2473 atque
1699 2425 1847 2461 insulae
1874 2424 2121 2460 Venetorum

1169 2477 1411 2525 reipublicae
1439 2479 1634 2522 Gallicae,
1662 2479 1853 2526 reliquum
1874 2478 2121 2514 Venetorum

1168 2531 1383 2569 dominium
1402 2534 1624 2570 Austriacis
1643 2537 1862 2577 cesserunt;
1883 2529 2122 2568 Lombardia

1168 2598 1363 2624 conversa
1389 2591 1450 2625 est
1477 2588 1513 2624 in
1550 2589 1859 2637 rempublicam,
1886 2587 1947 2624 cui
1974 2596 2121 2622 nomen

1167 2641 1392 2690 Cisalpinae
1412 2642 1595 2687 inditum3
1615 2655 1664 2680 ex
1682 2642 1892 2679 ditionibus
1907 2652 2004 2678 vero
2019 2640 2123 2676 Pon-

1168 2695 1260 2732 tifici
1285 2697 1499 2734 subtractis
1525 2698 1687 2745 aliisque
1712 2697 1818 2734 ultra
1836 2696 2052 2733 Eridanum
2071 2696 2123 2731 si-

1168 2750 1229 2794 tis,
1258 2751 1429 2789 formata
1448 2756 1508 2789 est
1527 2753 1752 2801 respublica
1775 2751 2012 2800 Cispadana·
2032 2749 2120 2791 Quo

1167 2805 1286 2848 sacto,
1311 2806 1538 2854 Bonaparte
1566 2819 1615 2844 ex
1643 2807 1755 2844 ltalia
1781 2810 1988 2851 evocatus,
2016 2815 2120 2842 anno

1167 2859 1257 2896 1798
1283 2861 1457 2908 suscepit
1475 2861 1765 2908 expeditionem
1794 2861 2117 2898 transmarinam.

1211 2915 1247 2950 7.
1277 2914 1375 2951 Pius
1401 2915 1456 2951 VI
1476 2915 1605 2952 Roma
1624 2916 1837 2953 abducitur·
1857 2921 1935 2960 (an.
1958 2916 2062 2961 1798)
2077 2937 2112 2944 -·

1164 2968 1313 3005 Verum
1330 2970 1588 3018 imperfectus
1603 2970 1743 3008 fuisset
1758 2971 1967 3019 impiorum
1983 2971 2118 3011 trium-

1166 3022 1275 3069 phus,
1304 3023 1375 3059 nisi
1403 3023 1528 3072 ipsum
1548 3024 1700 3073 Papam
1720 3026 1853 3062 currui
1873 3037 1943 3062 suo
1959 3025 2118 3072 alligas-

1164 3082 1264 3112 sent.
1296 3077 1562 3115 Directorium
1589 3080 1660 3116 sub
1694 3084 1904 3128 praetextu
1929 3079 2117 3117 sedando--

1166 3142 1249 3165 rum
1279 3131 1316 3166 in
1343 3132 1440 3168 urbe
1469 3133 1597 3170 Roma
1623 3138 1813 3177 motuum,
1849 3144 1945 3182 quos
1972 3133 2118 3181 ipsum-

1164 3189 1243 3221 met
1263 3196 1333 3232 per
1349 3186 1580 3224 emissarios
1594 3199 1686 3224 suos
1705 3187 1916 3231 excitabat,
1932 3185 2114 3223 belliduei

1163 3237 1345 3276 Bet-thien·
1372 3239 1586 3285 mandavit,
1612 3245 1655 3279 ut
1672 3242 1813 3280 urbem
1829 3245 2114 3289 occuparet,et
