2241 3473
256 113 334 149 178

198 188 550 238 Longobardorum
573 183 775 222 conversio
795 183 990 230 completa
1008 181 1096 229 fuit,
1117 182 1158 219 et

199 242 337 279 ariana
358 239 531 278 haeresis
554 237 695 284 ubique
716 235 915 272 intercidit
932 234 957 271 ¹.

250 295 314 332 22.
337 294 377 331 S.
403 292 642 329 Vitalianus
663 289 863 335 Pontifex
883 286 978 337 (an.
999 286 1094 338 (357)
1107 309 1155 316 -

198 347 401 384 Summum
432 342 702 392 pontificatum
730 343 823 377 tune
852 341 1014 389 gerebat
1043 353 1071 378 s.
1095 341 1160 378 Vi-

198 400 383 442 talianus,
399 396 555 444 Signiae
571 394 609 430 in
631 393 845 441 Campania
862 394 990 440 natus,
1007 394 1071 442 qui
1093 406 1153 432 an.

198 452 275 490 657
295 463 324 487 s.
342 449 516 497 Eugenio
537 447 741 490 suffectus,
762 447 863 483 sedit
884 458 1003 494 usque
1025 447 1071 483 ad
1092 459 1155 485 an.

197 504 286 541 672.
304 503 378 540 Hic
400 499 586 538 Pontifex
602 499 980 547 Constantinopolim
999 500 1046 536 ad
1064 501 1159 537 Con-

197 560 366 593 stantem
379 554 653 601 imperatorem
666 558 705 589 et
721 552 1020 590 Constantinum
1033 552 1157 590 filium

198 608 348 656 imperii
385 607 575 654 collegam
609 605 760 654 legatos
792 618 880 642 cum
909 605 1052 643 litteris
1080 607 1156 643 mi-

197 663 269 705 sit,
290 661 430 708 quibus
456 658 686 695 electionem
708 670 816 696 suam
842 658 1098 707 significavit,
1120 662 1159 696 et

197 714 445 751 Constantem
468 725 490 749 a
517 712 685 748 fovenda
714 711 1062 749 Monothelitarum
1093 725 1157 749 se—

197 771 261 805 cta
291 777 479 803 revocare
509 766 674 802 conatus
703 768 772 802 est.
804 765 1025 814 Imperator
1047 768 1089 802 ut
1118 777 1158 802 se

198 819 435 857 catholicum
455 820 495 855 et
515 830 605 855 cum
626 818 674 855 R.
692 818 867 855 Ecclesia
888 818 1158 855 communione

196 871 375 910 iunctum
406 871 596 919 fingeret,
626 883 696 919 per
711 872 866 908 eosdem
888 871 1039 919 legatos
1060 871 1158 908 dono

196 926 302 963 misit
323 926 366 962 D.
390 926 508 962 Petro
541 924 686 961 librum
720 924 1028 973 Evangeliorum
1062 936 1159 961 auro

197 979 440 1028 gemmisque
471 981 675 1022 oruatum3
711 978 779 1014 sed
810 977 1157 1014 Monothelitarum

198 1035 329 1081 partes
350 1031 510 1069 minime
536 1030 708 1078 reliquit.
732 1031 839 1067 Idem
863 1030 1047 1067 Pontifex
1077 1030 1160 1068 sin-

197 1086 372 1135 gularem
399 1084 704 1122 sollicitudinem
743 1083 922 1120 extendit
956 1084 1003 1120 ad
1038 1083 1161 1120 eccle-

199 1140 278 1176 sias
298 1138 486 1186 Angliac,
511 1140 554 1174 ut
582 1136 684 1174 infra
713 1137 942 1173 videbimus.
977 1137 1160 1173 Ioannem

201 1192 428 1241 episcopum
448 1191 691 1239 Lappensem
714 1190 751 1226 in
772 1190 898 1227 insula
919 1191 1048 1235 Creta,
1070 1202 1161 1226 con-

200 1249 263 1283 tra
291 1244 524 1282 sententiam
557 1243 671 1280 Pauli
702 1242 976 1292 metropolitae
998 1244 1161 1280 Creten-

201 1299 277 1344 sis,
307 1297 374 1346 qui
409 1309 497 1334 eum
521 1297 559 1333 in
600 1295 826 1344 provinciali
861 1297 1009 1344 synodo
1041 1297 1161 1345 depo-

201 1354 359 1395 suerat,
380 1350 428 1387 ad
449 1349 714 1399 Apostolicam
737 1350 876 1386 Sedem
897 1350 1163 1398 appellantem

201 1405 392 1452 suseepit3
424 1415 590 1451 cumque
620 1403 840 1451 reperisset,
870 1403 1056 1439 Ioannem
1087 1415 1162 1438 non

202 1457 320 1495 fuisse
348 1456 523 1504 legitime
554 1456 798 1503 depositum,
833 1467 924 1492 eum
954 1456 1034 1493 sedi
1071 1468 1163 1493 suae

201 1510 398 1554 restituit,
425 1513 466 1546 et
486 1509 656 1546 Paulum
686 1508 975 1557 metropolitam
997 1510 1164 1547 Creten-

201 1576 281 1601 sem
304 1562 518 1611 increpuit,
541 1563 641 1610 quod
662 1574 829 1599 canones
848 1562 886 1598 in
907 1574 1026 1599 causa
1046 1563 1164 1599 Ioan-

202 1618 262 1654 nis
291 1616 497 1663 violasset,
528 1615 640 1664 eique
671 1627 710 1652 se
738 1616 908 1652 Romam
937 1616 1163 1652 conferendi

201 1672 439 1719 potestatem
462 1671 645 1718 negasset
668 1667 695 1706 2.

255 1724 318 1762 23.
333 1723 685 1760 Paulc'ez'anorum
700 1722 910 1759 secta—111
922 1721 1082 1760 Oriente
1094 1722 1167 1760 dis-

202 1776 404 1814 sensiones
431 1775 641 1825 religiosae
672 1775 798 1824 magis
828 1777 867 1812 et
895 1776 1020 1824 magis
1041 1788 1165 1824 auge-

203 1831 348 1867 bantur
363 1829 553 1876 novisque
570 1829 955 1871 Mahometanorum,
967 1829 1166 1866 Nestor-ia-

204 1894 368 1927 norum,
394 1881 733 1930 Eutychianorum
755 1886 795 1918 et
815 1881 1165 1920 Monothelitarum

203 1935 391 1973 doctrinis
412 1935 521 1972 avita
540 1937 659 1982 atque
676 1934 871 1972 catholiea
892 1935 1078 1983 dogmata
1094 1937 1165 1974 ob—

203 1989 476 2026 scurabantur.
499 1988 714 2025 Praeterea
743 1987 902 2035 quidam
923 1988 1072 2026 Paulus
1092 2002 1164 2026 an-

205 2055 254 2079 no
288 2042 447 2079 circiter
480 2041 558 2078 653
601 2040 640 2077 in
676 2041 866 2078 Armenia
906 2042 1166 2080 exsuscitavit

204 2095 402 2132 haeresim
425 2094 763 2139 Manichaeorum,
784 2096 823 2130 et
842 2094 1162 2132 Paulicianorum

204 2151 336 2185 sectae
368 2146 626 2184 fundamenta
655 2146 759 2183 iecit.
791 2147 1010 2184 Pauliciani
1032 2146 1046 2167 3
1076 2160 1162 2185 cum

206 2201 379 2250 antiquis
409 2199 602 2237 Gnosticis
638 2202 677 2236 ct
710 2198 954 2236 Manichaeis
989 2201 1065 2237 duo
1098 2213 1162 2238 re-

206 2266 292 2291 rum
323 2253 514 2303 principia
543 2252 825 2299 admittebant3
856 2265 995 2302 corpus
1030 2255 1163 2292 huma-

207 2319 300 2344 num
321 2306 547 2355 aprincipio
570 2306 692 2350 malo,
722 2306 892 2342 animam
921 2318 1013 2343 vero
1049 2320 1073 2344 a
1102 2308 1165 2344 bo-

206 2373 255 2398 no
284 2362 533 2409 procreatam
561 2360 773 2404 doeebant3
794 2362 908 2396 vetus
928 2360 1163 2398 Testamen-

206 2417 291 2451 tum
313 2413 561 2459 reficiebant,
582 2412 731 2449 realem
753 2412 895 2449 Christi
918 2413 1164 2450 incarnatio-

206 2478 294 2504 nem
316 2469 356 2504 et
376 2465 598 2514 passionem
629 2465 934 2512 inficiabantur3
966 2466 1162 2504 Euchari-

205 2520 345 2566 stiam,
374 2518 643 2568 Baptismum,
678 2518 968 2555 matrimonium
1000 2531 1163 2568 respue-

206 2575 315 2619 bant,
335 2573 383 2610 ad
405 2572 708 2609 dissimulandas
729 2583 821 2609 suas
841 2572 1163 2610 doctrinasmen-

207 2627 364 2664 dacium
385 2626 538 2663 licitum
559 2626 799 2671 asscrebant;
816 2625 1110 2673 redarguuntur
1131 2639 1166 2662 e-

206 2680 302 2717 tiam
325 2679 463 2716 reiecti
485 2678 723 2716 matrimonii
745 2690 790 2715 ac
812 2679 1052 2726 promiscuae
1071 2679 1163 2716 libi-

206 2732 320 2769 dinis.
344 2732 478 2779 Magni
497 2732 602 2769 inter
623 2729 873 2769 Paulicianos
900 2732 1067 2769 nominis
1090 2732 1163 2769 fuit

206 2785 716 2831 ConstantinusArmenius,
737 2784 816 2832 qui,
837 2784 1055 2833 imperante
1072 2786 1163 2822 Con-

207 2838 378 2876 stantino
407 2840 633 2886 I'ogonato,
661 2840 792 2875 sectae
824 2849 966 2875 novam
997 2838 1161 2875 sormam

207 2903 430 2939 novumque
451 2892 569 2928 robur
583 2891 737 2929 indidit.

205 3062 212 3091 Ι
242 3018 361 3091 I¹V1‘aul.
392 3019 513 3050 diacon.
539 3030 592 3050 scu
611 3020 796 3059 Warncfrid,
814 3021 856 3052 De
868 3023 943 3061 yesl.
964 3018 1160 3061 mussabant.

248 3103 262 3122 ‘-'
280 3102 392 3139 thhc,
415 3100 530 3132 concil.
549 3105 558 3131 1v
587 3103 630 3139 w,
648 3112 671 3141 p.
694 3102 818 3135 ivit-is.

247 3142 261 3162 3
278 3144 318 3173 lic
337 3142 818 3179 paulianistis,samosatenianis
832 3154 953 3185 quoque
968 3145 1161 3183 dictis‚s:1cc.

206 3184 252 3214 ΙΙΙ.
269 3183 489 3223 sectatoribus,
506 3185 619 3216 videsis
634 3196 660 3224 p.
678 3186 726 3217 ⁴58.

738 118 899 145 EPOCHA
927 117 967 144 V.
996 117 1023 143 A
1052 115 1419 144 PSEVDOPROPHETA
1446 115 1646 143 MAHOMET

1253 182 1516 230 Imperatores
1532 180 1662 229 graeei
1684 179 1964 220 Constantinus
1977 183 2163 232 Pogona-

1199 236 1264 272 tus
1280 239 1319 271 et
1339 233 1582 271 Iustinianus
1593 234 1629 270 II
1650 235 1787 271 eontra
1805 235 1997 273 nefariam
2015 239 2164 274 sectam

1200 299 1356 325 severas
1371 287 1475 335 leges
1496 286 1745 333 sancierunt3
1766 288 1816 324 ad
1848 288 1918 325 has
1939 289 2164 327 evadendas

1201 340 1360 378 sectarii
1379 339 1446 377 alii
1476 351 1524 376 ex
1545 338 1734 376 Armenia
1762 351 1803 376 se
1839 341 2091 378 contulerunt
2124 342 2164 379 in
2210 387 2213 389 ¹

1202 396 1329 430 terras
1359 393 1528 437 vicinas,
1551 391 1750 429 Arabibus
1784 393 2002 440 subiectas,
2025 394 2092 431 alii
2125 394 2166 432 in

1201 445 1433 494 Phrygiam,
1447 447 1487 482 et
1499 444 1688 482 Pisidiam
1709 444 1876 492 profecti
1895 448 2007 492 sunt,
2024 449 2064 485 et
2082 449 2168 485 tum

1202 498 1278 543 hic,
1293 502 1376 535 tuin
1394 498 1473 534 illic
1492 508 1702 534 numerum
1720 509 1834 534 suum
1856 502 2065 537 auxerunt.
2075 500 2170 537 Sae-

1202 551 1288 588 culo
1310 551 1367 588 IX
1387 551 1427 587 in
1443 551 1527 598 ipso
1547 550 1711 598 imperio
1728 551 1798 587 sub
1816 551 2038 600 Nicephoro
2060 551 2170 601 (802-

1205 602 1271 653 11)
1289 615 1426 641 secure
1446 606 1634 651 egerunt3
1655 603 1722 639 sed
1743 603 1816 640 sub
1836 603 1923 640 eius
1939 605 2170 642 successori-

1201 657 1274 694 bus
1290 668 1444 694 rursum
1462 656 1640 704 repressi,
1656 667 1799 704 magno
1811 668 1970 694 numero
1981 656 2169 706 fugerunt

1201 710 1240 746 in
1266 710 1497 746 Armeniam
1532 709 1765 754 secundam,
1794 709 2000 747 Saracenis
2033 710 2167 748 subie-

1201 765 1316 807 ctam,
1329 763 1491 799 etmodo
1517 762 1588 798 soli
1608 762 1720 798 modo
1739 762 1937 799 Arabibus
1956 763 2092 810 iuncti,
2111 765 2164 801 te-

1201 818 1265 852 tra
1290 815 1391 852 bella
1413 815 1576 851 Graecis
1596 814 1820 851 intulerunt
1838 813 1860 852 ¹.

1255 868 1318 905 24.
1339 868 1652 905 Monothelismz·
1665 870 1907 916 fautores—
1924 867 2115 909 Quamvis
2129 868 2168 905 in

1203 920 1367 969 imperio
1397 932 1539 969 graeco
1568 920 1659 957 lites
1688 921 1964 958 monothelitas
1993 921 2100 958 inter
2130 923 2170 959 et

1203 974 1415 1010 catholicos
1450 975 1582 1010 essent
1614 973 1763 1022 sopitae
1777 1003 1786 1020 ,
1811 974 1997 1022 serpebat
2030 975 2164 1011 tamen

1205 1027 1377 1063 haeresis
1393 1025 1406 1046 ²
1424 1026 1460 1062 in
1479 1026 1664 1072 tenebris,
1679 1026 1792 1074 eiq'ue
1813 1027 1960 1074 iugiter
1980 1026 2168 1065 favebant

1205 1082 1244 1116 et
1272 1079 1419 1116 addicti
1448 1082 1562 1116 erant
1581 1079 1799 1127 imperator
1819 1079 2012 1117 Constans
2032 1081 2073 1117 et
2091 1091 2165 1129 pa-

1206 1133 1404 1169 triarchae
1425 1132 1533 1180 Cpni.
1555 1133 1630 1169 An.
1651 1132 1742 1177 654,
1762 1132 1886 1169 Paulo
1908 1133 2080 1179 mortuo,
2101 1144 2165 1180 pa-

1207 1185 1468 1222 triarchatum
1506 1185 1572 1233 Cp.
1612 1196 1769 1222 rursum
1797 1185 1948 1233 accepit
1981 1186 2165 1233 Pyrrhus

1207 1237 1534 1275 condemnatione
1561 1239 1601 1274 et
1620 1238 1778 1286 relapsu
1801 1250 1873 1275 suo
1894 1237 2081 1284 celebris,
2104 1239 2170 1287 qui

1207 1291 1386 1339 sequenti
1414 1302 1518 1327 anno
1540 1294 1666 1328 morte
1686 1291 1863 1329 sublatus
1884 1293 1955 1328 est.
1977 1291 2088 1328 Tunc
2107 1303 2170 1341 pa-

1209 1344 1386 1381 triarcha
1414 1345 1573 1380 creatus
1597 1347 1658 1381 est
1679 1344 1838 1390 Petrus,
1859 1344 1996 1381 eadem
2016 1344 2170 1382 haeresi

1209 1397 1389 1435 insectus.
1411 1397 1461 1442 Is,
1484 1399 1525 1434 ut
1545 1409 1585 1434 se
1608 1409 1697 1434 cum
1718 1398 1766 1434 R.
1790 1397 1967 1434 Ecclesia
1987 1409 2168 1434 commu-

1210 1450 1324 1488 nione
1361 1450 1610 1487 coniunctum
1645 1451 1838 1498 fingeret,
1867 1451 1915 1487 ad
1943 1450 2169 1498 Eugenium

1212 1504 1310 1552 Pp.I
1327 1503 1535 1552 epistolam
1552 1503 1781 1552 synodicam
1799 1503 1865 1541 sed
1883 1504 2095 1541 admodum
2105 1504 2168 1541 ob-

1210 1568 1365 1594 scuram
1386 1558 1426 1594 et
1442 1556 1673 1604 ambagibus
1689 1556 1907 1594 involutam
1921 1557 2166 1605 dedit,quam

1211 1610 1394 1648 Pontifex
1410 1621 1498 1647 cum
1515 1610 1618 1646 clero
1636 1610 1815 1647 Romano
1832 1610 1973 1647 merito
1994 1609 2143 1647 reiecit.

1265 1663 1325 1701 Ex
1346 1663 1407 1700 his
1426 1662 1519 1712 ipsis
1540 1662 1715 1708 artibus,
1735 1663 1875 1711 quibus
1894 1662 2110 1712 imperator
2129 1665 2170 1700 et

1212 1716 1460 1765 patriarchae
1480 1727 1521 1753 se
1541 1716 1751 1753 catholicos
1772 1727 1856 1754 esse
1872 1718 1911 1753 et
1926 1728 2016 1753 eum
2032 1717 2079 1754 R.
2098 1716 2166 1753 Ec-

1211 1769 1330 1807 clesia
1346 1769 1638 1806 communicare
1661 1769 1877 1814 finxerunt,
1899 1771 1939 1806 et
1956 1781 2006 1806 ex
2022 1769 2170 1806 invidia

1208 1823 1247 1859 in
1266 1835 1382 1871 quam
1405 1823 1596 1860 Constans
1620 1825 1779 1871 propter
1798 1821 2114 1871 persecutionem
2128 1822 2167 1859 in

1210 1888 1239 1913 s.
1258 1876 1498 1922 Martinum,
1518 1887 1547 1913 s.
1571 1875 1789 1912 Maximum
1803 1905 1812 1921 ,
1834 1875 2009 1924 aliosque
2030 1875 2170 1913 catho-

1211 1929 1307 1966 licae
1337 1929 1539 1966 doctrinae
1567 1928 1812 1975 defensores,
1840 1929 1944 1977 apud
1973 1928 2080 1965 cives
2100 1928 2168 1977 Cp.

1211 1982 1392 2027 incurrit,
1412 1983 1532 2030 patet,
1555 1981 1750 2019 haeresim
1774 1993 1914 2030 parurn
1930 1981 2036 2019 inter
2050 1993 2170 2030 popu-

1207 2035 1291 2072 lum
1313 2035 1430 2072 fuisse
1450 2036 1722 2083 propagatam.

1262 2089 1452 2125 Constans
1482 2087 1698 2136 imperator
1731 2087 2019 2125 Saracenorum
2056 2086 2169 2125 bellis

1209 2140 1436 2186 lacessitus,
1467 2143 1506 2177 et
1535 2140 1978 2189 Constantinopolitanis
2011 2141 2096 2178 tum
2118 2141 2166 2177 ob

1209 2193 1401 2231 haeresim
1423 2197 1507 2230 tum
1529 2194 1576 2230 ob
1598 2205 1731 2230 necem
1754 2193 1888 2231 fratris
1908 2193 1968 2231 sui
1989 2193 2166 2230 Theodo-

1206 2247 1265 2292 sii,
1287 2258 1403 2294 quem
1420 2258 1467 2283 ex
1488 2246 1637 2284 invidia
1652 2247 1862 2284 diaconum
1881 2247 1990 2294 prius
2006 2247 2162 2283 ordina-

1208 2300 1241 2336 ri
1262 2299 1454 2345 iusserat,
1476 2299 1614 2336 deinde
1635 2299 1858 2344 interfecit,
1879 2299 2053 2345 invisus,
2075 2311 2167 2337 mu-

1209 2353 1317 2389 tandi
1345 2353 1476 2389 sedem
1499 2352 1701 2389 consilium
1722 2352 1822 2390 iniit.
1846 2353 2000 2390 Fratris
2021 2352 2167 2402 imagi-

1209 2418 1268 2451 ne,
1289 2417 1391 2453 quae
1409 2405 1478 2443 sibi
1497 2408 1685 2454 perpetuo
1703 2406 2002 2451 obversabatur,
2019 2408 2167 2455 perter-

1210 2458 1308 2495 ritus
1325 2489 1334 2504 ,
1357 2469 1457 2495 anno
1478 2459 1557 2495 (562
1588 2459 1724 2496 relicta
1743 2458 2077 2508 Constantinopoli
2097 2458 2169 2507 Sy-

1209 2522 1368 2548 racusas
1390 2510 1550 2548 Siciliae
1571 2511 1702 2560 petiit3
1725 2514 1766 2549 at
1781 2512 1938 2550 sceleris
1959 2511 2165 2550 eonscien-

1209 2565 1263 2601 tia
1303 2564 1444 2612 ubique
1473 2576 1564 2601 eum
1594 2564 1810 2602 cruciabat.
1838 2565 1953 2602 Anno
1979 2566 2167 2614 sequente

1209 2618 1375 2654 Romam
1398 2618 1519 2654 venit.
1543 2618 1769 2655 Vitalianus
1788 2619 1869 2667 Pp.,
1892 2620 1935 2655 ut
1950 2617 2166 2666 imperato-

1209 2682 1289 2707 rem
1328 2670 1529 2707 Ecclesiae
1565 2671 1803 2708 bcnevolum
1839 2671 2047 2717 redderet,
2076 2682 2167 2708 eum

1209 2723 1492 2770 perhonorifice
1522 2723 1687 2772 excepit.
1706 2724 1896 2762 Constans
1915 2734 2009 2761 vero
2030 2723 2163 2761 muni-

1208 2776 1325 2812 ficum
1344 2779 1383 2812 et
1405 2788 1584 2824 rapacem
1606 2777 1722 2814 simul
1751 2789 1791 2814 se
1812 2777 2015 2821 exhibuit,
2036 2776 2165 2814 multa

1208 2829 1379 2865 basilicis
1400 2829 1565 2875 obtulit,
1583 2830 1650 2867 sed
1677 2829 1797 2867 etiam
1819 2830 1943 2867 multa
1964 2829 2081 2867 Urbis
2101 2840 2166 2866 or-

1210 2884 1393 2919 namenta
1414 2882 1554 2930 rapuit.
1578 2884 1674 2920 Post
1694 2883 1777 2920 dies
1802 2882 1849 2920 12
1864 2882 2040 2919 Siciliam
2058 2893 2169 2931 repe-

1209 2935 1283 2979 tiit,
1304 2938 1344 2971 et
1364 2936 1570 2983 Syracusis
1586 2936 1715 2973 sedem
1734 2935 1952 2973 constituit.
1970 2935 2044 2973 Hic
2063 2934 2166 2972 idem

1210 2988 1282 3024 fuit
1311 3000 1355 3024 ac
1386 2989 1731 3037 Constantinopoli.
1763 2988 1860 3026 Cum
1894 2987 2165 3037 Longobardis

1250 3106 1257 3125 ¹
1278 3105 1413 3143 Pholum,
1428 3106 1546 3136 Contra
1564 3104 1767 3136 sshmichaeos
1781 3105 1798 3135 l.
1815 3105 1834 3142 Ι;
1848 3106 1954 3136 Petrus
1969 3105 2103 3143 Siculus,
2121 3104 2166 3136 De

1208 3149 1296 3184 ortu,
1312 3156 1485 3186 prosp-essu
1502 3149 1530 3177 et
1543 3155 1659 3178 occasu
1676 3146 1967 3185 Manichaeorzmm
1993 3146 2164 3185 cedrenus,

1212 3188 1380 3227 Compcml.
1400 3188 1478 3219 nist.
1496 3205 1532 3209 -
1548 3187 1563 3208 ‘2
1585 3187 1650 3218 Vid.
1669 3197 1696 3227 p.
1715 3187 1783 3226 ¹109,
1805 3186 1869 3218 174.

2227 177 2231 191 '¹
2223 0 2241 166 ..mk-*⁴55*
