2241 3473
247 131 328 172 250

191 215 239 251 R.
268 213 471 250 Pontifieis
498 214 734 260 potestatem
758 210 949 247 attentari
970 208 1145 256 eontige-

190 273 269 313 rat,
296 269 503 312 abrogata;
531 265 783 312 episcopatus
810 262 1012 299 Hildensis
1031 263 1145 298 resti-

189 326 298 358 tutus
325 319 624 365 archiepiscopo
651 316 880 354 Coloniensi
909 327 998 352 cum
1020 316 1146 352 omni-

187 375 259 411 bus
277 374 357 410 suis
376 371 668 420 praerogativis
686 374 724 407 et
742 370 908 413 iuribus,
924 374 967 406 ut
984 381 1033 406 ea
1050 374 1142 407 ante

187 428 329 463 bellum
357 426 529 473 episcopi
550 425 636 461 eius
655 424 989 471 praedecessores
1008 435 1142 471 posse-

184 481 347 524 derant,
374 485 609 527 pactumque
626 508 635 523 ,
659 483 703 515 ut
728 479 767 514 in
796 479 1048 525 regionibus,
1076 490 1141 515 ur-

183 536 294 572 bibus
325 540 364 571 et
391 535 486 570 locis
507 563 515 577 ‚
544 545 644 582 quae
671 545 695 569 a
723 545 818 580 rege
846 533 1000 570 Galliae
1027 532 1140 570 cede-

182 589 324 625 bantur
342 589 592 636 imperatori,
611 588 815 629 universa,
834 587 882 623 ad
904 587 1136 623 catholicam

181 643 413 690 religionem
433 641 671 690 spectantia,
688 642 726 677 in
747 653 794 678 eo
815 645 933 685 statu,
954 652 1028 688 quo
1046 645 1137 678 ante

181 696 325 732 bellum
353 697 528 737 fuerant,
556 695 764 731 immutata
791 699 1086 742 permanerent.

224 750 334 785 Nihil
360 749 480 785 etiam
508 749 748 785 intentatum
777 749 934 796 reliquit
952 749 1139 787 Clemens

177 804 253 846 XI,
280 807 324 839 ut
350 803 636 839 catholicorum
665 802 930 839 conditionem
958 803 997 838 in
1018 805 1137 841 terris

175 857 470 893 haereticorum
497 858 705 893 allevaret.
725 857 953 893 Honorifice
980 859 1136 906 excepit

176 911 351 958 legatum
369 911 480 947 Petri
507 912 661 958 Magni,
682 911 902 947 Russorum
924 911 1134 958 imperato-

174 965 243 1007 ris,
255 966 291 1001 ei
307 965 611 1012 significantem,
624 965 790 1001 liberum
807 970 846 1001 et
861 964 1058 1012 publicum
1076 979 1133 1003 re—

173 1018 332 1065 ligionis
358 1019 576 1055 catholicae
597 1019 831 1055 exercitium
856 1030 879 1054 a
905 1030 1068 1057 caesare
1095 1021 1133 1057 in

172 1073 372 1109 universis
401 1073 667 1120 amplissimae
687 1073 846 1109 ditionis
864 1084 957 1109 suae
978 1076 1133 1120 provin-

170 1127 241 1162 ciis
268 1138 355 1163 esse
383 1127 590 1170 indultum;
616 1139 849 1163 concessum
870 1127 991 1179 etiam
1011 1128 1130 1167 fuisse

169 1181 396 1227 Capucinis,
423 1185 466 1217 ut
492 1181 530 1216 in
558 1181 656 1217 urbe
684 1182 852 1217 Moscua
878 1177 1041 1218 Ordinis
1068 1185 1129 1220 sui

169 1235 456 1271 monasterium
483 1235 720 1277 fundarent;
749 1235 932 1277 lesuitis,
961 1241 1005 1272 ut
1032 1240 1129 1273 tem-

167 1288 275 1335 plum
291 1289 526 1336 domumque
542 1301 630 1324 cum
647 1289 864 1336 gymnasiis
880 1289 927 1325 ad
944 1291 1129 1327 erudien-

167 1341 256 1377 dam
292 1343 432 1378 litteris
458 1347 499 1378 et
525 1343 752 1379 christianis
784 1344 960 1379 moribus
992 1344 1129 1381 iuven-

167 1398 292 1431 tutem
320 1400 624 1437 construerent,
654 1400 693 1432 et
720 1396 768 1431 R.
801 1397 1005 1433 Ecclesiae
1040 1399 1130 1435 mis-

165 1448 364 1494 sionariis,
389 1455 436 1486 ut
462 1462 533 1497 per
550 1450 736 1486 Russiam
756 1450 880 1486 libere
906 1455 1069 1498 tutoque
1087 1453 1127 1488 in

165 1503 351 1540 Sinarum
378 1505 586 1551 imperium
615 1509 655 1540 et
680 1504 758 1540 alia
789 1504 1045 1541 orientalium
1068 1507 1128 1542 In-

163 1555 316 1593 diarum
350 1569 477 1605 regna
501 1559 736 1594 transirent.
759 1558 958 1601 Pontifex,
977 1564 1021 1595 ut
1039 1572 1126 1607 pro-

162 1610 336 1657 spiceret
355 1612 629 1649 Ruthenorum
646 1612 932 1648 catholicorum
949 1613 1124 1658 utilitati,

162 1664 322 1712 Leopoli
358 1665 396 1700 in
432 1665 694 1702 celeberrimo
726 1665 896 1702 Russiae
935 1669 1124 1705 australis

160 1720 337 1765 emporio
372 1719 612 1755 domicilium
641 1719 905 1756 extruendum
935 1723 1120 1766 curavit,

160 1770 197 1805 in
216 1783 291 1819 quo
312 1772 584 1809 adolescentes
599 1773 766 1809 sinceris
780 1772 971 1809 doctrinis
987 1780 1026 1811 et
1042 1787 1122 1812 mo—

159 1825 267 1861 ribus
296 1827 454 1869 imbuti,
485 1827 523 1862 in
553 1827 690 1873 patriis
725 1826 864 1862 deinde
892 1828 1122 1875 regionibus

158 1878 205 1915 de
224 1880 447 1918 catholicae
467 1881 556 1917 fidei
576 1881 863 1928 propagatione
883 1892 929 1917 ac
960 1894 1120 1920 conser-

157 1934 316 1971 vatione
335 1936 420 1971 utili
439 1947 560 1983 opera
579 1936 678 1972 bene
697 1941 964 1972 mererentur.
986 1937 1115 1978 Quum

155 1997 259 2023 anno
289 1990 380 2026 1703
408 1990 562 2025 Dublini
591 1991 628 2024 in
656 1989 848 2025 Hibernia
874 1991 1013 2033 multa,
1034 1997 1114 2028 tum

155 2042 291 2077 civicis
306 2047 387 2078 tum
403 2043 815 2085 sacris‚Hibernornm
828 2044 1112 2081 catholicorum

154 2094 305 2132 iuribus
345 2097 549 2132 contraria
582 2096 750 2133 fuissent
783 2096 946 2133 decreta
968 2127 976 2140 ,
1013 2099 1114 2135 iura-

152 2154 288 2186 menta
315 2149 446 2197 iniqua
473 2150 739 2196 praescripta,
774 2151 957 2187 Pontifex
990 2154 1113 2189 maxi-

152 2214 307 2239 morum
337 2203 558 2251 principum
586 2203 727 2239 officiis
753 2204 936 2251 omnique
966 2213 1111 2243 conatu

149 2269 245 2293 usus
277 2261 364 2300 est,
393 2268 442 2293 ne
470 2258 588 2292 Anna
614 2257 782 2300 Stuart,
812 2258 942 2294 iacobi
972 2260 1001 2295 Il
1030 2261 1111 2296 filia

149 2310 218 2347 sed
232 2310 449 2352 haeretica,
464 2321 563 2358 quae
581 2321 644 2346 an.
663 2310 756 2347 1702
774 2311 811 2345 in
827 2311 965 2347 solium
979 2314 1112 2350 fuerat

148 2370 313 2407 evecta,
351 2364 505 2412 iniquas
540 2365 648 2411 leges
675 2364 963 2409 confirmaret;
995 2367 1107 2415 idque

148 2422 384 2454 consecutus
418 2423 504 2460 est,
538 2422 582 2453 ut
611 2428 805 2452 novarum
835 2419 967 2465 legum
996 2421 1107 2467 rigor

147 2472 293 2508 sensim
323 2473 568 2511 mitesceret,
595 2482 745 2517 eaeque
777 2471 1016 2517 pedetentim
1039 2486 1103 2511 ne-

147 2526 411 2573 gligerentur.
441 2527 539 2561 Cum
570 2525 608 2560 in
634 2524 780 2560 ducatu
801 2525 988 2562 Barrensi
1009 2529 1101 2564 etin

147 2579 404 2627 Lotharingia
431 2578 654 2626 Leopoldus
674 2578 878 2625 Iosephus,
897 2580 1100 2628 utriusque

147 2633 323 2679 regionis
354 2633 446 2674 dux,
472 2643 663 2668 novarum
687 2632 818 2678 legum
839 2632 1029 2676 codicem,
1053 2635 1103 2669 di-

144 2691 248 2720 ctum
277 2686 577 2733 Leopoldinum,
606 2685 944 2733 praescripsisset,
966 2687 1002 2721 in
1025 2700 1103 2734 quo

145 2738 261 2785 plura
276 2740 741 2786 continebantur,quibus
757 2739 1030 2775 ecclesiastica
1050 2742 1103 2777 iu—

143 2791 317 2828 risdictio
333 2798 372 2829 et
386 2794 547 2830 libertas
564 2794 724 2840 ipsaque
742 2804 929 2840 suprema
941 2794 988 2828 R.
1004 2794 1101 2830 l'on-

143 2845 257 2881 tisicis
274 2851 448 2893 potestas
463 2848 670 2883 manifeste
683 2847 1099 2884 violabanturetever-

142 2900 354 2943 tel›antur;
391 2901 572 2937 Pontifex
607 2906 694 2946 post
726 2901 957 2946 diligentem
987 2902 1098 2937 istius

141 2953 288 2989 codicis
313 2954 621 2996 discussionem,
650 2954 831 2991 eumdem
869 2954 1096 2992 damnavit.

141 3007 347 3054 episcopos
375 3009 490 3044 Bai-ri
511 3019 557 3044 ac
578 3009 860 3053 Lolliaringiae
886 3008 1097 3044 veliemen-

143 3063 202 3094 ter
230 3060 410 3096 hortatus
436 3067 509 3103 est,
537 3069 578 3098 ut
605 3063 762 3098 inllictis
791 3063 993 3098 Ecclesiae
1016 3064 1095 3097 vul-

143 3113 300 3148 neribus
317 3115 585 3158 mederentur,
600 3127 812 3162 sacrasqne
831 3116 1096 3152 immunitates

141 3171 181 3201 et
208 3166 293 3202 iura
320 3174 480 3205 strenue
514 3174 736 3211 tuerentnr;
764 3169 921 3205 demum
950 3181 974 3205 a
1001 3170 1095 3206 Leo-

142 3218 254 3266 polclo
275 3220 373 3257 duce
394 3221 635 3269 impetravit,
655 3228 697 3257 nt
716 3223 925 3259 emendato
945 3223 1095 3267 codice,

708 140 713 145 ’
763 139 932 167 EPOCHA
952 139 1025 165 VII.
1049 139 1077 165 A
1099 136 1270 165 LITIBVS
1292 137 1604 166 IANSENISTICIS

1199 218 1265 243 res
1283 206 1324 242 in
1342 206 1552 254 pristinum
1572 209 1720 244 statum
1741 208 2062 246 restituerentur.
2082 210 2156 249 Pe-

1199 264 1308 297 tente
1335 261 1481 296 Ioanne
1507 264 1556 304 V,
1576 272 1673 307 rege
1691 262 1938 307 Lusitaniae,
1957 262 2155 311 archiepi-

1195 318 1404 362 scopatum
1428 314 1781 363 Ulyssiponensem
1808 316 1849 352 in
1874 317 1970 353 duos
1996 316 2152 363 divisit,

1195 368 1431 404 orientalem
1469 372 1509 405 et
1544 368 1861 415 occidentalem,
1887 370 2151 418 posteriorem
2200 416 2202 419 Ι

1194 421 1244 456 ad
1271 422 1438 469 gradum
1463 422 1758 469 patriarchatus
1777 435 1865 459 cum
1884 424 2016 460 multis
2037 436 2153 472 prae-

1196 476 1389 523 rogativis
1408 480 1447 512 et
1460 475 1678 511 honoribus
1691 477 1838 520 evexit,
1852 477 1966 525 eique
1982 481 2064 515 tres
2077 479 2152 514 Lu-

1191 528 1360 567 sitaniae
1391 529 1772 577 archiepiscopatus,
1798 530 2150 579 Ulyssiponensem

1191 583 1441 627 orientalem,
1455 585 1750 620 Bracarensem
1766 587 1807 620 et
1823 584 2069 621 Eburianum
2087 597 2150 622 su-

1191 635 1428 674 bordinavit.
1457 637 1545 679 Qua
1563 641 1697 673 autern
1717 637 1874 673 ratione
1889 638 2075 675 Clemens
2092 639 2150 676 XI

1190 689 1413 727 libertatem
1441 691 1757 728 ecclesiasticam
1783 690 2008 727 defenderit
2031 691 2072 727 in
2089 691 2148 728 Si·

1190 743 1293 789 cilia,
1320 745 1494 781 dicemus
1519 745 1637 781 infra.
1665 744 1756 781 Suis
1778 744 1900 781 etiam
1927 744 2026 789 locis
2041 744 2148 782 vide-

1190 796 1316 835 bimus
1342 810 1441 847 quae
1468 800 1600 846 egerit
1625 798 1666 834 in
1694 809 1816 834 causa
1837 798 2147 836 lansenistarum

1188 855 1228 887 et
1254 852 1293 888 in
1321 854 1596 890 controversia
1621 852 1669 889 de
1696 852 1834 888 ritibus
1861 852 2107 890 Sinensibus.

1236 907 1396 943 Interim
1422 908 1462 943 in
1481 919 1618 943 omnes
1636 907 1760 943 etiam
1778 906 2066 943 remotissimas
2084 918 2144 944 re-

1187 961 1326 1007 giones
1356 962 1615 1008 apostolicam
1641 960 1943 997 sollicitudinem
1961 960 2146 998 extende·

1188 1014 1263 1051 bat.
1293 1016 1335 1051 In
1363 1015 1528 1052 Perside
1555 1014 1775 1051 catholicae
1806 1014 1899 1051 fidei
1924 1025 2147 1061 praecones

1185 1069 1447 1116 peculiaribus
1474 1070 1616 1106 litteris
1639 1068 1934 1105 commendavit
1959 1069 2047 1116 regi
2065 1069 2145 1105 Ho-

1182 1124 1308 1165 saino,
1336 1135 1452 1171 quem
1479 1123 1656 1160 Solimon
1683 1128 1723 1160 et
1748 1122 1896 1158 Sultan
1914 1125 2075 1167 vocant,
2101 1127 2144 1160 et

1183 1177 1229 1212 ab
1241 1177 1381 1214 eodem
1395 1178 1529 1214 Persis
1543 1178 1749 1214 catholicis
1763 1177 1926 1213 liberam
1937 1176 2144 1224 religionis

1179 1242 1275 1267 suae
1302 1232 1588 1279 professionem
1620 1231 1865 1278 impetravit.
1891 1231 2048 1268 Uberes
2065 1231 2141 1268 sibi

1180 1286 1440 1332 evangelicae
1469 1285 1777 1334 praedicationis
1803 1284 1955 1321 fruetus
1990 1285 2140 1331 pollici-

1180 1341 1242 1374 tus
1275 1340 1315 1375 in
1341 1352 1484 1377 recens
1510 1340 1678 1377 detectis
1704 1339 1921 1375 vastissimi
1947 1338 2136 1376 Sinarum

1178 1394 1320 1429 oceani
1349 1394 1504 1437 insulis,
1531 1405 1629 1441 quas
1658 1393 1890 1429 Palaosicas
1916 1393 2134 1441 appellant,

1179 1445 1403 1494 Philippum
1424 1449 1643 1496 Hispaniae
1663 1453 1704 1484 et
1722 1447 1963 1483 Ludovicum
1982 1447 2138 1485 Galliae

1179 1511 1296 1547 reges
1324 1502 1504 1538 hortatus
1530 1507 1604 1544 est,
1630 1505 1676 1538 ut
1700 1500 1973 1543 missionariis‚
2004 1501 2042 1536 in
2064 1512 2134 1539 eas

1177 1553 1327 1591 insulas
1358 1556 1597 1602 profecturis
1619 1584 1627 1599 ‚
1655 1555 1815 1602 navigia
1832 1583 1840 1598 ‚
1868 1559 2134 1592 commeatum

1176 1607 1347 1656 aliaque,
1376 1609 1466 1646 huic
1497 1609 1674 1646 missioni
1694 1608 1937 1651 necessaria,
1957 1608 2135 1656 imperti-

1176 1670 1328 1698 rentur.
1357 1664 1398 1699 In
1426 1664 1638 1711 imperium
1665 1663 1784 1699 etiam
1803 1661 1938 1710 magni
1959 1661 2133 1710 Mogolis

1174 1720 1215 1751 ct
1240 1716 1279 1751 in
1307 1717 1535 1754 Tartariam
1561 1718 1762 1754 sinensem
1789 1715 1998 1764 Evangelii
2016 1727 2131 1764 prae-

1173 1780 1292 1807 cones
1318 1772 1437 1808 misit.
1468 1773 1658 1816 Monitus,
1685 1772 1725 1807 in
1743 1770 2033 1809 Chaldaeorum
2053 1776 2133 1807 tra-

1172 1828 1249 1867 ctu,
1271 1826 1335 1873 qui
1356 1837 1433 1862 non
1452 1827 1639 1873 exiguam
1660 1826 1781 1862 Asiae
1797 1824 1959 1861 maioris
1973 1828 2131 1873 partem

1171 1880 1433 1926 occupabant,
1446 1880 1681 1916 latissimum
1701 1878 1984 1928 propagandae
1999 1879 2130 1916 ortho-

1170 1931 1296 1969 doxae
1323 1933 1413 1970 fidei
1441 1939 1578 1982 patere
1607 1945 1804 1981 campum,
1834 1934 1992 1977 multos,
2016 1943 2129 1981 prae-

1169 1987 1307 2022 sertim
1327 1999 1348 2023 e
1373 1988 1703 2024 Praedicatorum
1731 1987 1896 2032 Ordine,
1921 1987 2044 2031 viros,
2064 1988 2130 2036 qui

1167 2044 1306 2087 optata
1332 2042 1587 2088 perficerent,
1616 2053 1662 2079 eo
1690 2041 1913 2078 destinavit.
1943 2041 2126 2078 Selectos

1166 2105 1317 2141 quoque
1348 2096 1593 2132 orthodoxae
1620 2095 1712 2132 fidei
1738 2095 1922 2132 doctores
1948 2095 2058 2131 misit
2084 2095 2124 2131 in

1165 2148 1382 2196 AEgyptum
1401 2150 1450 2185 ad
1470 2149 1700 2186 tentandam
1715 2150 1932 2196 Coptorum
1947 2159 2018 2186 seu
2035 2149 2123 2185 Mo·

1168 2203 1466 2250 nophysitarum
1495 2203 1813 2240 conversionem.
1842 2202 1953 2239 Alios
1977 2201 2124 2240 direxit.

1165 2254 1201 2289 in
1239 2255 1496 2303 AEthiopiam.
1529 2258 1571 2293 In
1607 2257 1802 2293 Guineam
1838 2256 1974 2293 itidem
2009 2256 2123 2293 viros

1162 2307 1258 2344 Ord.
1291 2309 1633 2354 praedicatorum,
1662 2311 1810 2358 pietate
1830 2315 1871 2347 et
1895 2321 2118 2358 propagan-

1160 2361 1233 2397 dae
1262 2362 1371 2399 Fidci
1399 2364 1543 2400 ardore-
1568 2365 1753 2412 repletos,
1775 2364 2002 2406 destinavit,
2022 2375 2119 2412 quo-

1161 2426 1248 2450 rum
1283 2427 1407 2463 opera
1441 2417 1492 2453 ibi
1528 2430 1594 2455 res
1629 2418 1826 2454 catholica
1855 2418 2115 2455 multifariam

1159 2473 1278 2505 aucta
1309 2475 1383 2506 est.
1413 2470 1541 2512 Quum
1570 2484 1640 2519 per
1669 2472 1882 2509 adventum
1911 2471 2117 2508 Francisci

1159 2523 1393 2566 Ticinensis,
1408 2524 1567 2561 Ordinis
1587 2526 1895 2574 Capucinorum,
1911 2525 1975 2573 qui
1999 2525 2036 2561 in
2055 2536 2115 2562 re-

1157 2588 1234 2623 gno
1261 2579 1484 2624 Congitano
1503 2579 1731 2616 diuturnam
1753 2579 1984 2628 apostolicis
2003 2578 2115 2615 mIni-

1155 2631 1288 2667 steriis
1319 2643 1484 2679 operam
1514 2633 1790 2681 impenderat,
1818 2633 2021 2681 religionis
2048 2644 2115 2669 ca·

1156 2685 1325 2722 thelicae
1353 2691 1499 2722 statum
1529 2693 1569 2724 et
1591 2689 1838 2725 incrementa
1857 2688 1896 2724 in
1913 2687 2053 2735 Congo
2071 2690 2114 2724 et

1153 2739 1330 2775 finitimis
1350 2741 1563 2787 provinciis
1577 2742 1806 2784 audivisset,
1819 2742 1955 2783 Petro.
1972 2751 2110 2789 supre-

1153 2804 1215 2827 mo
1231 2794 1358 2839 Congi
1375 2793 1548 2838 domino,
1565 2795 1611 2832 de
1627 2807 1676 2833 ea
1691 2808 1732 2833 re
1754 2797 1851 2833 bene
1868 2795 2029 2834 merito.
2050 2805 2111 2831 re-

1151 2847 1257 2892 gium
1292 2846 1474 2883 diadema
1502 2850 1685 2896 pretiosis
1718 2854 1901 2886 ornatum
1937 2847 2109 2896 gemmis

1151 2901 1267 2935 misit.
1290 2901 1591 2939 Brasiliensium
1617 2904 1862 2951 aliorumque
1889 2901 2106 2939 Americae

1151 2953 1383 3000 populorum
1410 2967 1610 3003 nunquam
1639 2957 1846 2994 immemor
1866 2985 1875 2999 ,
1895 2967 1964 3004 per
1992 2959 2108 2992 certa

1148 3018 1341 3042 annorum
1371 3008 1584 3046 intervalla
1616 3011 1739 3047 lectos
1770 3022 1818 3047 ex
1845 3009 2040 3058 Hispania
2066 3013 2107 3046 et

1151 3062 1356 3096 Lusitania
1378 3063 1484 3097 viros
1504 3063 1553 3098 ad
1573 3064 1660 3100 illos
1677 3063 1917 3106 destinavit,
1936 3073 2011 3110 quo
2040 3073 2104 3098 res

1149 3115 1391 3151 christianae
1425 3117 1579 3152 meliori
1612 3129 1772 3165 semper
1815 3118 1898 3153 loeo
1933 3120 2099 3152 starent.

1198 3169 1419 3205 Praeterea
1439 3170 1624 3206 Clemens
1643 3172 1695 3207 xl
1718 3172 1829 3208 Pium
1851 3171 1919 3217 Pp.
1943 3169 1974 3203 V
1995 3198 2003 3213 ,
2023 3170 2102 3205 An-

1146 3222 1280 3258 drcam
1302 3222 1526 3259 Avellinum
1546 3253 1555 3267 ‚
1583 3224 1755 3262 Felicem
1775 3237 1799 3261 a
1824 3222 2042 3263 Cantalicio
2060 3226 2102 3260 et
