2241 3473
266 119 317 157 24

213 208 300 244 pos,
321 198 360 233 et
388 196 565 240 abbates,
595 206 708 242 quam
743 196 886 247 summi
919 196 1152 245 imperantes

211 249 250 285 in
267 260 449 296 magnum
480 247 767 285 ecclesiasticae
795 249 852 286 rei
877 249 1152 288 detrimentum

211 304 381 350 specioso
410 300 668 337 investiturae
695 304 901 349 praetextu
933 314 1151 351 usurpave-

211 358 313 399 rant,
332 353 502 390 ecelesiis
530 357 568 390 et
588 353 751 391 abbatiis
782 355 1068 394 restitueretur.
1090 358 1150 395 Ex

209 407 281 443 hoc
310 410 483 454 tempore
505 407 616 443 vetus
637 405 808 455 eligendi
837 408 1035 457 episcopos
1051 410 1150 447 ratio

211 459 396 508 paulatim
423 460 569 495 certam
599 460 855 498 mutationem
885 461 1149 500 subiit¹.Ete-

209 512 287 549 nim
307 514 463 560 propter
482 511 735 550 dissensiones
763 513 1027 564 factionesque
1057 528 1148 564 par-

206 565 319 610 tium,
339 564 724 613 metropolitanorum
745 567 940 615 postulata
956 573 995 605 et
1009 580 1148 606 saecu-

205 617 344 655 larium
365 621 600 665 potestatum
622 621 901 668 usurpationes,
918 633 1009 659 usus
1031 623 1149 670 pede-

204 670 343 708 tentim
363 671 543 716 invaluit,
560 673 603 709 ut
617 684 693 709 non
708 676 861 711 tantum
884 675 1011 723 populi
1035 676 1147 719 votis,

203 724 268 760 sed
284 725 402 761 etiam
423 724 690 773 episcoporum
710 726 933 775 provinciae
948 727 1147 777 suffragiis

203 777 453 820 cessantibus,
470 777 636 827 episcopi
656 779 897 827 eligerentur
923 793 945 818 a
964 781 1055 819 solis
1074 782 1146 819 Ca-

202 830 333 878 pitulis
371 831 682 870 Cathedralibus.
712 833 915 871 Invectam
948 834 1024 871 iam
1055 836 1145 872 novi

201 883 295 920 iuris
329 885 520 933 regulam,
550 896 625 933 qua
655 889 694 923 et
722 887 883 936 populus
913 889 952 925 et
979 889 1146 937 episcopi

201 936 423 985 provinciae
440 938 489 975 ab
505 939 786 987 episcopalibus
801 940 1056 978 electionibus
1072 954 1143 979 ex-

201 990 298 1027 clusi
326 994 428 1037 sunt,
459 1003 519 1029 an.
554 992 655 1030 1215
685 993 933 1031 confirmavit
962 995 1143 1044 generale

197 1043 404 1080 concilium
434 1044 697 1083 Lateranense
728 1047 784 1084 IV
813 1048 885 1084 sub
919 1047 1142 1085 Innocentio

199 1096 268 1144 Pp.
282 1097 350 1139 ΙΙΙ,
368 1099 577 1136 canonibus
593 1099 894 1138 XXIV-XXVI
916 1104 1039 1138 totam
1055 1101 1142 1139 suf-

197 1148 414 1199 fragiorum
434 1154 664 1199 potestatem
680 1164 855 1192 asserens
869 1155 1065 1192 canonicis
1080 1168 1141 1193 ec-

196 1202 336 1241 clesiae
352 1205 538 1251 vacantis,
552 1205 758 1244 electiones
773 1219 841 1256 per
855 1208 1065 1246 saecularis
1082 1221 1141 1258 po-

195 1258 349 1294 testatis
370 1258 533 1295 abusum
554 1258 678 1297 factas
698 1260 962 1309 proscribens,
984 1274 1139 1310 poenas-

194 1321 267 1358 que
296 1310 483 1348 definiens
503 1312 540 1348 in
573 1312 910 1362 metropolitanos,
941 1315 1005 1363 qui
1034 1315 1138 1353 elec-

193 1363 316 1401 tiones
332 1364 458 1402 minus
475 1366 679 1404 canonicas
694 1367 1013 1406 confirmaverint
1030 1367 1056 1406 ².

245 1416 307 1455 23.
336 1417 563 1455 Concilium
584 1419 861 1458 Lateranense
882 1421 930 1467 I,
945 1424 1139 1470 yenerale

193 1469 355 1520 IX(czn.
380 1470 664 1521 1123)—Nihil
683 1485 775 1511 sane
796 1475 1001 1512 iucundius
1021 1475 1136 1513 Calli-

191 1529 250 1560 sto
271 1523 356 1572 Pp„
374 1524 468 1561 nihil
486 1525 684 1564 salubrius
707 1527 915 1565 universae
939 1529 1136 1567 Ecclesiae

191 1577 389 1625 obtingere
406 1578 544 1626 potuit,
557 1590 672 1627 quam
685 1583 739 1626 ut,
751 1581 942 1618 exstincto
958 1583 1136 1620 schisma-

190 1634 228 1667 te
244 1630 467 1679 sedatisque
482 1632 697 1679 discordiis,
709 1634 847 1681 quibus
862 1637 920 1672 tot
939 1636 1051 1673 annis
1067 1636 1135 1673 Ec-

188 1684 303 1721 clesia
330 1687 370 1721 et
389 1684 593 1733 imperium
617 1686 774 1724 fuerant
794 1688 1039 1736 perturbata,
1059 1701 1132 1738 pa-

187 1737 241 1773 cis
258 1737 415 1775 foedere
435 1739 554 1776 animi
575 1741 835 1787 sociarentur,
857 1741 1034 1779 Ecclesia
1051 1743 1132 1780 red-

188 1791 349 1828 deretur
369 1791 502 1838 libera,
523 1795 727 1831 concordia
746 1795 1004 1832 sacerdotium
1032 1795 1133 1833 inter

187 1851 226 1881 et
243 1844 445 1892 imperium
468 1846 751 1885 restitueretur.
765 1848 817 1885 Ut
832 1848 932 1886 tanti
948 1850 1132 1887 momenti

186 1898 385 1946 negotium
398 1899 561 1936 solemni
573 1901 723 1938 ratione
735 1901 1049 1948 confirmaretur,
1068 1915 1129 1941 res

186 1951 385 1989 Ecclesiae
406 1952 583 2000 publicae
606 1954 882 1992 ordinarentur
902 1959 941 1992 et
960 1956 1130 2005 discipli-

186 2016 236 2040 na
253 2005 555 2051 instauraretur,
565 2007 746 2045 Callistus
759 2008 828 2056 Pp.
842 2020 903 2046 an.
924 2009 1025 2047 1123
1042 2021 1132 2047 con-

184 2057 315 2094 cilium
336 2059 518 2106 generale
534 2060 569 2096 in
587 2062 843 2098 Lateranensi
859 2062 1018 2100 basilica
1039 2063 1132 2100 indi-

185 2111 366 2159 xit‚quod
388 2112 489 2149 inter
519 2115 766 2151 oecumenica
795 2115 956 2152 concilia
986 2128 1129 2154 nonum

181 2167 240 2201 est
259 2170 297 2202 et
316 2165 483 2213 primum
507 2178 554 2203 ex
575 2167 836 2205 oecumenicis
866 2169 902 2205 in
920 2168 1129 2207 Occidente

181 2217 335 2255 habitis.
349 2218 465 2256 Teste
482 2219 646 2268 Sugerio
663 2222 804 2258 abbate
820 2234 847 2259 S.
862 2222 1050 2271 Dionysii,
1063 2224 1127 2272 qui

179 2271 317 2314 adsuit,
339 2278 606 2311 convenerunt
625 2287 672 2312 ex
695 2274 871 2313 omnibus
894 2275 975 2312 fere
997 2277 1127 2326 regnis

178 2325 485 2363 occidentalibus
514 2327 592 2365 300
612 2328 783 2378 episcopi
800 2328 1035 2378 plurimique
1055 2331 1126 2367 ab·

179 2378 287 2416 butes
310 2377 336 2416 ³.
357 2379 561 2418 Praesedit
592 2381 773 2419 Pontifex
805 2383 897 2429 ipse.
923 2383 962 2419 ln
995 2383 1127 2432 primis

177 2433 452 2469 concordatum
475 2434 578 2471 inter
599 2435 802 2473 Callistum
827 2436 894 2483 Pp.
910 2436 943 2473 11
961 2440 999 2473 et
1020 2437 1125 2474 Hen-

176 2486 300 2523 ricum
323 2486 598 2535 imperatorem
623 2489 671 2533 V,
692 2489 727 2525 in
751 2489 916 2526 comitiis
938 2489 1125 2527 XVorma-

176 2540 366 2577 tiensibus
395 2540 634 2586 confectum,
664 2542 935 2580 confirmatum
967 2546 1035 2580 est.
1067 2545 1123 2580 A·

176 2597 281 2630 ctum
294 2594 410 2630 etiam
425 2593 496 2630 fuit
508 2595 554 2631 (le
567 2595 734 2632 ferendis
745 2597 930 2644 suppetiis
943 2597 1125 2634 Christia-

176 2647 234 2683 nis
254 2649 387 2684 contra
408 2647 558 2685 'Furcas
575 2648 613 2685 in
631 2648 791 2686 Oriente
809 2652 849 2686 et
865 2652 1001 2686 contra
1017 2649 1125 2687 Mau-

174 2711 236 2736 ros
266 2701 301 2736 in
324 2700 525 2749 Hispania,
547 2704 585 2739 et
607 2705 818 2740 renovatae
841 2702 1122 2751 indulgentiae,

173 2754 221 2789 ab
243 2753 401 2790 Urbano
421 2754 457 2791 II
479 2755 695 2803 crucigeris
712 2758 752 2793 et
772 2756 953 2793 omnibus
974 2756 1119 2805 aliquid

174 2807 222 2842 ab
243 2807 383 2844 bellum
405 2819 558 2845 sacrum
575 2809 883 2854 conferentibus,
904 2821 1118 2847 concessae.

174 2859 319 2896 Deinde
334 2860 471 2898 Patres
483 2866 649 2911 egerunt
660 2864 706 2900 de
719 2862 921 2911 disciplina
934 2862 1119 2899 ecclesia-

171 2913 280 2950 stica.
311 2913 367 2950 De
398 2926 556 2952 numero
590 2928 783 2954 canonum
813 2916 928 2954 liuius
958 2916 1118 2953 Concilii

172 2966 272 3004 haud
294 2968 399 3004 certo
420 2972 582 3007 constat:
602 2970 784 3019 antiquus
805 2970 925 3007 codex
942 2969 1013 3007 Ms.
1033 2981 1118 3007 mo-

170 3020 328 3057 nasterii
358 3021 589 3060 Anianensis
623 3023 688 3070 17,
710 3023 895 3073 vulgatae
925 3022 1116 3061 Concilio-
1164 3060 1170 3061 i

209 3089 217 3109 ¹
237 3091 302 3121 vid.
314 3094 334 3121 t.
352 3091 371 3127 Ι,
388 3100 415 3129 p.
430 3090 529 3121 (iil-Gi
542 3110 579 3114 -
597 3092 639 3123 De
656 3094 780 3124 narnus
796 3104 834 3126 ss.
851 3094 996 3125 electiori.

207 3132 220 3152 2
236 3132 352 3169 Labbe,
373 3131 489 3163 Ccmsil.
513 3137 530 3163 t.
550 3134 600 3171 xl,
619 3144 647 3173 p.
669 3134 740 3173 176;;
759 3136 912 3167 Decrelal.
930 3138 976 3166 tit.
993 3135 1031 3167 de
1053 3137 1114 3167 ele-

166 3173 292 3210 rlinm³;
315 3174 509 3209 Thomassin,
534 3174 623 3206 l'ecm·
639 3178 670 3206 el
688 3186 769 3208 nova
787 3177 870 3210 Eccl.
887 3177 1013 3219 discipl.
1034 3182 1110 3218 part.

168 3213 201 3251 ll,
218 3215 234 3244 ΙΔ
254 3216 280 3243 ·.’.
295 3231 330 3236 -
343 3215 357 3236 ³
380 3213 613 3248 1ἰία1,ιι(1υυι“ει“
637 3216 682 3249 l'l.

688 131 840 158 EPOCHA
870 131 937 158 vn.
966 133 993 158 A
1021 132 1281 161 PONTIFICATV
1309 136 1340 162 S.
1369 136 1564 164 GREGORII
1591 138 1648 165 vn

1195 212 1282 238 rum
1303 201 1548 241 collectiones
1560 204 1613 242 22
1633 208 1850 245 numerant.
1860 206 1914 244 Ut
1927 206 2137 256 plurimum

1194 266 1361 292 canones
1382 255 1445 293 isti
1461 256 1653 306 desumpti
1674 262 1766 295 sunt
1785 271 1834 297 ex
1855 260 2136 308 antiquioribus

1195 307 1379 346 conciliis,
1401 309 1644 347 Damnantur
1661 323 1817 349 rursum
1831 313 1871 350 in
1886 313 1933 350 iis
1949 313 2138 352 simonia-

1196 373 1262 397 cae
1273 361 1550 409 ordinationes3
1560 363 1772 402 coelibatus
1786 367 2037 415 presbyteris,
2052 367 2137 405 dia-

1195 415 1299 451 conis
1321 418 1360 451 et
1375 416 1618 453 subdiaconis
1634 417 1871 466 inculcatum
1889 420 2079 468 principes
2098 422 2139 458 et

1194 466 1258 504 alii
1278 467 1369 505 laici
1389 480 1412 505 a
1431 469 1717 518 dispensatione
1738 471 1925 509 bonorum
1949 474 2136 511 ecclesia-

1193 520 1379 558 sticorum
1408 527 1611 568 arcentur;
1631 523 1879 562 matrimonia
1900 526 2134 575 consangui-

1193 586 1353 611 neorum
1378 575 1654 623 prohibentur;
1676 576 1898 615 auferentes
1918 579 2135 617 oblationes

1191 628 1366 665 ecclesiis
1386 628 1510 666 factas
1523 659 1532 674 ,
1552 629 1646 666 item
1667 630 1852 668 cudentes
1875 634 1943 668 aut
1963 633 2135 670 studiose

1190 682 1453 729 expendentes
1482 683 1621 720 falsam
1642 688 1852 729 monetam,
1874 686 2134 723 excommuni-

1191 733 1528 773 cantur¹.-Idem
1543 735 1725 774 Pontifex
1740 737 1779 773 in
1800 738 1871 774 hoc
1889 738 2049 775 concilio
2065 739 2135 776 de-

1189 788 1315 824 crevit
1343 788 1519 826 Conrado
1548 789 1739 838 Episcopo
1759 790 2047 829 Constantiensi
2071 791 2134 829 lo-

1189 852 1275 878 cum
1295 853 1378 878 esse
1397 842 1436 878 in
1457 842 1610 880 Sanctis
1631 841 1658 880 ².

1241 893 1303 931 24.
1325 894 1538 932 Honorius
1559 896 1605 932 II
1630 898 1828 945 Pontz'fcm
1847 896 1934 945 (an.
1958 896 2132 948 1124)-

1189 946 1373 984 Callistus
1384 949 1454 997 Pp.
1472 949 1596 986 idibus
1609 950 1820 988 decembris
1838 951 1950 996 1124,
1967 953 2052 1000 post
2062 963 2133 990 an·

1188 1011 1261 1037 nos
1282 1001 1538 1039 Pontificatus
1558 1003 1595 1047 5,
1616 1014 1738 1040 mens.
1768 1003 1835 1049 10,
1855 1008 1894 1041 et
1911 1005 1996 1042 dies
2028 1005 2088 1050 12,
2109 1017 2130 1042 e

1188 1053 1286 1091 vivis
1297 1055 1477 1093 excessit.
1490 1055 1625 1106 Inleius
1638 1055 1764 1093 locum
1776 1057 1920 1095 electus
1931 1060 1990 1095 est
2001 1057 2131 1095 Theo-

1186 1107 1337 1153 baldus,
1358 1109 1565 1157 presbyter
1587 1109 1796 1147 cardinalis
1818 1110 1856 1148 S.
1887 1111 2134 1158 Anastasiae,

1186 1162 1336 1198 nomine
1358 1162 1565 1200 Caelestini
1588 1162 1635 1200 II.
1656 1163 1731 1200 Sed
1761 1174 1849 1200 cum
1873 1163 1955 1202 eius
1992 1164 2132 1203 electio

1184 1214 1304 1252 Leoni
1325 1214 1564 1264 Frangipani
1585 1215 1746 1264 aliisque
1773 1216 1812 1253 in
1833 1217 1937 1255 Urbe
1957 1217 2131 1267 potenti-

1184 1268 1252 1305 bus
1282 1281 1355 1306 non
1374 1270 1621 1318 probaretur,
1643 1281 1731 1307 mox
1747 1269 1895 1308 electus
1916 1269 1991 1308 fuit
2008 1271 2129 1309 Lam-

1183 1321 1340 1368 bertus,
1370 1322 1578 1360 cardinalis
1602 1323 1801 1372 episcopus
1829 1323 2038 1371 Ostiensis,
2068 1337 2131 1363 an.

1186 1375 1284 1412 1124
1306 1380 1379 1413 xu0
1408 1376 1555 1413 calend.
1576 1377 1729 1415 ianuar.
1747 1377 1996 1415 Theobaldus
2015 1378 2131 1416 schis-

1184 1429 1296 1466 matis
1317 1429 1465 1467 vitandi
1487 1441 1603 1468 causa
1624 1430 1756 1467 eodem
1774 1430 1835 1468 die
1850 1431 1936 1468 iure
1952 1443 2023 1469 suo
2043 1443 2130 1470 ces-

1182 1483 1241 1520 sit.
1254 1482 1487 1520 Lambertus
1507 1484 1883 1532 etiam‚cogn0scens
1899 1484 2129 1522 electionem

1180 1547 1291 1572 suam
1313 1548 1397 1573 esse
1418 1536 1618 1583 vitiosam,
1641 1537 1766 1574 eidem
1795 1538 1982 1575 nuncium
2009 1538 2127 1577 misit.

1181 1589 1257 1626 Sed
1287 1589 1503 1628 cardinales
1532 1590 1762 1628 modestiam
1785 1591 1984 1628 Lamberti
2012 1591 2130 1629 admi-

1179 1644 1420 1687 rantes,eum
1438 1655 1509 1692 pro
1524 1643 1698 1692 legitimo
1715 1643 1896 1692 pontifice
1919 1645 1990 1682 sub
2012 1645 2130 1682 nomi-

1178 1707 1226 1733 ne
1248 1692 1408 1733 Honorii
1424 1697 1460 1734 II
1478 1697 1698 1734 habendum
1718 1709 1801 1735 esse
1819 1697 2082 1736 decreverunt
2098 1697 2124 1736 ³.

1228 1749 1426 1788 Honorius
1444 1750 1512 1799 Pp.
1526 1751 1574 1788 ad
1586 1751 1853 1799 componenda
1876 1751 2126 1789 ecclesiarum

1178 1803 1334 1852 negotia
1363 1804 1401 1840 in
1430 1804 1560 1842 varias
1589 1804 1791 1841 christiani
1815 1805 1918 1842 orbis
1947 1805 2125 1854 regiones

1176 1856 1407 1904 apostolicos
1428 1858 1596 1906 Legatos
1617 1858 1841 1896 destinavit:
1864 1857 2071 1907 AEgidium
2090 1871 2124 1896 e-

1174 1910 1371 1959 piscopum
1391 1910 1660 1948 Tusculanum
1681 1911 1719 1947 in
1741 1911 1956 1958 Orientem;
1977 1912 2123 1950 Gerar-

1174 1964 1265 2000 dum
1281 1964 1519 2001 cardinalem
1540 1964 1579 2001 in
1597 1965 1862 2012 Germaniam3
1886 1965 2122 2014 Gregorium

1173 2016 1220 2054 de
1241 2017 1461 2055 Crescentio
1482 2018 1520 2054 in
1541 2017 1823 2064 Daniam310an
1833 2030 1921 2055 nem
1942 2019 2122 2056 Cremon-

1172 2082 1253 2108 sem
1274 2071 1312 2107 in
1330 2071 1510 2119 Angliam
1533 2075 1572 2108 et
1591 2071 1776 2117 Scotiam3
1797 2071 2044 2109 Matthaeum
2059 2072 2123 2110 Al-

1173 2123 1380 2162 banensem
1402 2124 1440 2161 in
1454 2124 1912 2171 Gallian13Hu1nbertum
1929 2124 1967 2162 in
1987 2125 2122 2174 Hispa-

1174 2177 1290 2215 niam.
1314 2177 1484 2215 Henrico
1515 2177 1754 2225 imperatore
1775 2178 1809 2215 V
1829 2189 1890 2216 an.
1918 2177 2018 2216 1125
2037 2179 2120 2216 sine

1172 2230 1302 2269 liberis
1325 2231 1524 2277 defuncto,
1546 2230 1729 2268 Pontifex
1751 2231 1958 2280 imperium
1981 2231 2122 2269 confir-

1172 2285 1295 2321 mavit
1323 2285 1521 2330 Lothario,
1551 2285 1638 2321 duci
1667 2284 1874 2331 Saxoniae,
1896 2285 2050 2334 pietatis
2079 2288 2120 2324 et

1171 2337 1330 2375 bellicae
1353 2339 1405 2375 rei
1430 2338 1544 2375 laude
1561 2337 1678 2382 claro;
1694 2338 1936 2375 Fridericum
1951 2338 2119 2377 Sueviae

1170 2394 1208 2427 et
1237 2391 1458 2428 Conradum
1479 2391 1721 2429 Franconiae
1743 2392 1874 2438 duces,
1895 2391 1934 2428 in
1966 2392 2117 2430 Lotha-

1170 2444 1269 2481 rium
1300 2445 1475 2490 rebelles,
1501 2445 1868 2491 excommunicavit,
1898 2449 1938 2482 et
1971 2446 2116 2484 Ansel-

1169 2509 1287 2543 mum,
1312 2498 1378 2546 qui
1401 2499 1620 2535 Conradum
1643 2510 1772 2547 regem
1795 2499 1930 2536 Italiae
1951 2510 2116 2537 corona-

1168 2554 1293 2596 verat,
1324 2551 1661 2600 archiepiscopatu
1683 2551 1959 2590 Mediolanensi
1980 2553 2116 2602 priva-

1169 2604 1235 2641 vit.
1250 2605 1616 2643 Excommunicavit
1630 2605 1747 2643 etiam
1765 2605 1978 2655 Rogerium
1996 2606 2116 2644 comi-

1166 2661 1244 2695 tem
1274 2658 1444 2704 Siciliae,
1466 2660 1565 2706 quod
1597 2659 1781 2697 ducatum
1802 2659 1967 2708 Apuliae
1996 2661 2113 2708 atque

1166 2711 1381 2757 Calabriae,
1406 2712 1455 2749 R.
1479 2712 1675 2750 Ecclesiae
1697 2712 1866 2758 feudum,
1887 2713 2113 2750 invasisset:

1167 2768 1299 2812 postea
1329 2777 1434 2811 ver0,
1455 2778 1572 2814 quum
1605 2766 1815 2816 Rogerius,
1845 2767 2112 2804 Beneventum

1166 2817 1366 2863 accedens,
1385 2819 1638 2857 vassallorum
1657 2831 1762 2857 more
1775 2820 1822 2857 R.
1837 2819 2032 2857 Ecclesiae
2048 2820 2111 2856 ho-

1166 2871 1349 2908 mininm‘¹
1368 2873 1636 2921 praestitisset,
1660 2877 1699 2911 et
1717 2872 1965 2910 iureiurando
1983 2872 2110 2910 inter-

1164 2925 1286 2972 posito
1314 2938 1354 2962 se
1377 2926 1581 2975 obligaret,
1610 2927 1744 2965 eodem
1766 2927 1909 2964 ducatu
1925 2925 2109 2964 Pontifex

1161 2990 1250 3015 cum
1271 2979 1487 3017 investivit.

1204 3107 1210 3126 ¹
1231 3107 1342 3141 Lnlvbc.
1363 3106 1482 3137 Concil.
1503 3112 1520 3137 t.
1539 3108 1573 3143 X,
1592 3117 1619 3146 p.
1637 3107 1708 3139 891.

1200 3147 1213 3167 ‘²
1228 3150 1313 3178 Extat
1330 3150 1512 3179 ‹lonstitutio
1530 3159 1580 3187 ap.
1597 3150 1707 3186 Lablie,
1727 3148 1847 3181 Concil.
1861 3152 1879 3180 t.
1891 3148 1952 3186 xn,
1970 3158 1998 3190 p.
2015 3148 2102 3181 1340.

1199 3189 1211 3207 ²⁸
1231 3189 1380 3219 llaronius
1398 3194 1425 3220 rt
1444 3190 1532 3228 Pagi,
1550 3190 1587 3220 ad
1606 3200 1655 3221 nn.
1674 3190 1762 3221 1124.

1199 3231 1211 3251 ⁴
1230 3230 1417 3261 llnminium
1440 3232 1522 3271 apud
1539 3232 1708 3271 scriptores
1733 3232 1823 3263 medii
1848 3232 1915 3264 aevi
1941 3232 2106 3264 adhibetur
