2241 3473
304 94 355 133 88

251 169 525 215 clesias,unam
542 167 737 204 carnalem
756 167 980 214 etdivitem,
992 168 1055 205 cui
1067 180 1195 217 praee-

250 226 342 260 rant
370 221 578 260 Pontifices
610 220 778 257 Romani
808 223 846 258 et
881 222 1063 269 episcopi,
1090 222 1192 260 alte-

249 288 334 314 ram
370 273 610 324 spiritualem
651 276 690 311 et
717 285 950 323 pauperem,
981 277 1095 313 euius
1124 276 1194 325 ipsi

250 329 425 366 membra
460 328 597 372 erant,
631 328 671 364 et
699 327 735 363 in
767 340 844 377 qua
871 328 953 366 sola
976 329 1194 379 legitimam

251 381 479 419 conficiendi
510 381 768 418 Sacramenta
797 383 1031 430 potestatem
1060 383 1193 420 haberi

250 434 546 472 contendebant.
569 434 677 471 Alios
698 438 899 483 praeterea
916 448 1069 473 errores
1086 448 1106 473 e
1123 437 1196 474 Do-

249 488 479 525 natistarum
499 517 508 532 ,
544 487 816 526 Waldensium
851 492 890 526 et
923 490 1192 539 Albigensium

248 541 433 578 doctrinis
453 541 704 579 admiserunt.
727 543 799 580 An.
824 543 924 580 1318
942 545 1105 582 Ioannes
1122 544 1191 593 Pp.

247 595 364 632 XXII
393 595 578 633 sectarios
599 607 809 644 eorumque
830 608 983 634 errores
1007 599 1194 635 condem-

247 649 378 695 navit,
400 651 440 686 et
458 649 654 697 principes
675 650 908 688 christianos
929 653 1047 699 atque
1067 651 1196 700 inqui-

246 703 385 740 sitores
406 706 544 740 eontra
563 702 713 740 eosdem
737 703 939 742 excitavit.
959 705 1074 742 Secta
1092 717 1195 753 prae-

249 756 361 805 cipue
390 768 430 794 se
451 760 739 805 propagaverat
757 757 796 794 in
818 757 964 803 Sicilia,
985 758 1134 806 aliquot
1153 771 1194 796 e—

248 810 344 847 tiam
375 813 510 848 coetus
531 810 761 847 efformarat
780 811 818 848 in
841 810 970 849 Gallia
989 815 1029 850 et
1048 813 1193 860 Hispa-

245 863 332 910 nia3
366 865 434 901 sed
468 864 515 901 ab
550 863 849 912 inquisitoribus
884 868 923 902 et
953 865 1194 915 principibus

246 917 466 966 exagitata,
486 917 563 955 huc
582 917 677 954 illuc
698 918 872 967 dispersa
892 918 988 966 fuit3
1008 920 1047 956 in
1068 919 1196 957 Gallia

245 973 285 1008 ct
305 971 492 1020 Hispania
513 971 687 1009 nonnulli
718 972 767 1008 ab
798 972 1093 1021 inquisitoribus
1123 974 1194 1011 da-

245 1025 367 1062 mnati
390 1027 429 1062 et
449 1025 579 1062 curiae
608 1025 799 1063 saeculari
818 1027 950 1064 traditi
970 1057 978 1072 ,
1004 1027 1195 1076 supplicio

245 1079 373 1116 affecti
390 1083 499 1124 sunt;
516 1079 581 1116 alii
598 1078 858 1127 confugerunt
877 1080 915 1117 in
930 1081 1194 1126 Germaniam,

246 1134 310 1170 ubi
332 1134 402 1170 sub
423 1133 620 1170 Ludovico
641 1133 810 1180 Bavaro,
826 1134 981 1173 Ioannis
997 1135 1113 1172 XXII
1135 1135 1196 1172 ad-

245 1187 434 1233 versario,
456 1199 591 1224 secure
613 1190 786 1236 agentes,
806 1200 846 1225 se
867 1200 953 1226 cum
975 1189 1192 1238 Beguardis

243 1243 282 1278 et
303 1241 487 1290 Beguinis
508 1241 707 1278 sociarunt
721 1239 747 1278 ¹.

296 1295 498 1343 Beguardi
520 1297 559 1332 et
577 1295 793 1343 Beguinae,
814 1295 878 1344 qui
899 1308 939 1334 se
961 1296 1191 1345 praesertim

243 1348 280 1385 in
311 1349 524 1386 Germania
549 1352 882 1398 propagaverunt,
905 1350 1191 1399 profitebantur

243 1403 544 1451 mysticismum,
567 1402 630 1451 qui
652 1404 699 1440 ad
728 1414 880 1440 morum
901 1405 1189 1453 corruptionem

243 1456 421 1493 ducebat.
443 1456 751 1503 Contendebant,
771 1457 969 1495 hominem
990 1457 1029 1495 in
1048 1459 1120 1496 hac
1137 1457 1189 1494 vi-

242 1512 282 1547 ta
302 1521 413 1559 posse
432 1511 589 1558 assequi
609 1510 729 1547 talem
745 1511 997 1559 perfectionis
1012 1513 1191 1560 gradum,

243 1567 288 1600 ut
316 1576 440 1612 neque
469 1575 631 1613 peecare
662 1576 786 1612 neque
807 1565 996 1602 maiorem
1019 1565 1189 1614 gratiam

241 1617 402 1666 adipisci
432 1620 583 1667 posset;
613 1630 702 1655 eum
733 1618 771 1655 in
793 1618 864 1656 hoc
883 1619 1132 1668 perfectionis
1154 1622 1192 1656 et

242 1671 436 1709 libertatis
466 1672 604 1720 spiritu
634 1672 903 1718 constitutum,
926 1685 1050 1722 neque
1079 1684 1192 1710 orare

244 1725 391 1763 ullosve
434 1726 627 1763 virtutum
670 1727 782 1763 actus
821 1738 1006 1764 exercere
1024 1756 1033 1773 ,
1068 1738 1192 1775 neque

243 1781 452 1828 praecepta
472 1779 671 1818 Ecclesiae
691 1781 900 1818 observare
922 1781 1082 1828 debere3
1100 1793 1192 1830 pos-

243 1844 284 1869 se
313 1833 434 1870 libere
454 1834 605 1883 corpori
626 1833 830 1883 indulgere
852 1834 1037 1884 quidquid
1059 1835 1190 1884 place-

244 1888 317 1932 ret,
333 1888 372 1924 et
390 1886 546 1924 minime
563 1899 724 1936 peccare
736 1891 826 1925 actu
841 1889 1002 1935 carnali,
1014 1889 1060 1926 ad
1076 1900 1191 1937 quem

244 1943 387 1978 natura
420 1940 627 1978 inclinaret
647 1972 656 1988 ,
692 1942 791 1990 quod
828 1944 923 1979 tunc
957 1942 1192 1980 sensualitas

243 1994 397 2042 spiritui
431 1997 470 2032 et
498 1995 639 2032 rationi
672 1999 773 2033 esset
792 1996 966 2045 perfecte
987 1997 1191 2043 subiecta,

244 2047 425 2085 dicebant
446 2048 577 2095 etiam,
600 2049 794 2086 hominem
814 2050 852 2086 in
875 2050 946 2087 hac
968 2050 1050 2087 vita
1070 2050 1190 2099 adipi-

244 2102 298 2139 sci
338 2113 448 2150 posse
480 2102 639 2140 finalem
674 2103 956 2141 beatitudinem
987 2104 1025 2140 in
1055 2104 1189 2141 eodem

244 2155 368 2204 gradu
389 2167 433 2193 ac
453 2155 492 2192 in
513 2156 640 2193 altera
661 2157 756 2203 vita,
777 2160 816 2194 et
835 2158 1049 2206 quamlibet
1071 2161 1190 2195 natu-

243 2220 327 2246 ram
355 2209 660 2247 intellectualem
688 2210 725 2247 in
746 2222 786 2248 se
808 2211 891 2260 ipsa
911 2212 965 2248 ita
986 2223 1069 2248 esse
1092 2212 1187 2249 bea-

243 2264 324 2300 tam
343 2293 352 2309 ,
387 2267 430 2300 ut
462 2267 503 2301 at
538 2264 751 2301 videndum
780 2265 905 2301 Deum
939 2277 1061 2313 eoque
1094 2266 1191 2304 bea-

245 2319 284 2354 te
316 2317 524 2355 fruendum
554 2330 629 2355 non
651 2318 843 2367 indigeret
864 2319 1009 2356 lumine
1029 2319 1188 2367 gloriae.

246 2370 424 2409 Clemens
445 2372 515 2421 Pp.
536 2371 571 2408 V
593 2374 737 2409 sectam
757 2373 917 2421 eiusque
936 2385 1090 2411 errores
1106 2385 1192 2410 con-

243 2424 445 2462 demnavit
484 2426 523 2462 in
558 2425 720 2462 concilio
755 2426 930 2474 generali
965 2426 1191 2473 Viennensi,

243 2481 283 2516 ct
322 2479 539 2528 pertinaces
574 2479 870 2528 inquisitoribus
904 2479 1190 2518 ‹leuuntiavit2.

244 2532 373 2574 Quum
405 2535 536 2570 autem
569 2533 725 2572 sectarii
761 2546 835 2570 non
864 2536 1018 2571 tantum
1054 2534 1191 2571 Eccle-

244 2587 355 2632 siam,
385 2588 546 2636 eiusquc
567 2587 837 2625 auctoritatem
860 2590 1102 2636 spernerent,
1124 2589 1189 2625 sed

245 2640 400 2678 civilem
429 2642 546 2679 etiam
577 2644 723 2678 statum
754 2641 950 2690 publicum
980 2641 1190 2689 perturba-

244 2696 333 2732 rent
362 2707 406 2732 ac
437 2707 589 2732 morum
618 2696 906 2744 corruptionem
927 2694 1120 2740 foverent,
1143 2708 1189 2731 u-

245 2751 386 2797 traque
415 2751 588 2797 potestas
602 2779 611 2794 ,
641 2748 903 2787 ecclesiastica
923 2753 962 2785 et
981 2748 1108 2785 civilis
1122 2778 1130 2794 ,
1153 2749 1189 2785 in

246 2814 311 2839 eos
332 2802 621 2840 animadvertit.

298 2854 360 2894 (30.
389 2855 719 2905 Templccriorum
739 2868 865 2895 eausa
882 2878 930 2882 —-
947 2856 1063 2893 Aliud
1081 2867 1192 2904 gran-

245 2910 292 2947 ‹le
322 2910 536 2959 negotium,
557 2910 740 2948 nimirum
762 2922 919 2948 causam
940 2910 1189 2959 'l'cmplario-

245 2975 331 3000 rum
348 2963 536 3012 equitum,
559 2966 748 3002 tractavit
768 2965 945 3002 Clemens
967 2964 1035 3013 Pp.
1052 2964 1098 3002 V.
1118 2964 1191 3001 llic

245 3018 348 3054 Ordo
377 3018 490 3055 annis
520 3018 652 3056 multis
681 3019 845 3057 celebris
873 3018 1000 3056 fuerat
1020 3020 1059 3055 et
1080 3018 1126 3055 de
1148 3029 1188 3054 rc
1240 3032 1245 3035 ’
1270 3034 1277 3035 ’

287 3109 295 3129 ¹
317 3110 418 3140 Alvar.
437 3111 539 3150 l’vlag.
559 3111 606 3140 De
626 3112 760 3150 plunclu
785 3109 956 3145 Ecclesiae,
978 3109 998 3140 1.
1025 3109 1060 3148 ll,
1085 3119 1108 3141 c.
1138 3109 1191 3144 11;

247 3151 434 3189 1·ἶ)1ηο»ι’ἰυι1ς,
450 3153 506 3183 loc.
524 3154 584 3191 «fit,
604 3154 697 3183 ΙίηΙιιῑ.
719 3152 893 3185 Mis-rellan.
914 3155 931 3181 ί.
950 3152 969 3182 l.

287 3194 299 3211 '¹
317 3194 415 3224 Alvar.
435 3194 537 3232 l’clag.
555 3199 583 3225 ct
601 3195 799 3234 D'Argentriz
818 3194 874 3225 lov.
893 3194 941 3223 «fil.

728 99 887 130 EPOCHA
917 104 1002 130 VIII.
1031 105 1058 130 A
1087 103 1356 130 PONTIFICATV
1384 105 1618 132 INNOCENTII
1647 108 1692 135 111

1239 169 1454 207 christiana
1468 170 1566 207 bene
1583 172 1797 209 meruerat:
1813 183 1953 209 verum
1968 171 2079 221 lapsu
2090 174 2184 211 tem·

1239 222 1342 270 poris
1371 222 1586 272 Templarii
1607 236 1782 270 numero,
1802 224 1950 263 divitiis
1971 228 2011 262 et
2030 237 2182 274 posses-

1239 275 1412 313 sionibus
1434 288 1502 325 per
1519 289 1671 314 omnem
1688 277 1882 327 Europam
1897 278 1933 315 in
1950 278 2183 318 immensum

1239 329 1358 374 aucti,
1384 341 1407 367 a
1426 329 1488 379 pio
1508 330 1683 368 Instituti
1705 330 1782 368 fine
1802 334 1840 369 et
1859 333 1996 380 regula
2017 333 2181 382 degene-

1239 385 1375 420 rarunt
1391 413 1400 428 ,
1436 384 1683 432 moribusque
1717 385 1756 421 in
1792 385 1961 423 deterius
1994 386 2157 425 mutatis
2172 416 2183 434 ,

1238 436 1402 485 pessime
1423 437 1649 483 audierunt,
1670 438 1791 475 donec
1809 438 1883 475 duo
1898 439 2183 487 malefactores,

1237 501 1400 538 qnorum
1434 503 1553 537 unus,
1583 491 1795 528 secundum
1822 491 1968 529 Villani
1993 495 2157 542 uterque
2175 523 2185 540 ,

1238 543 1392 581 Ordinis
1412 544 1554 582 sodalis
1575 544 1714 591 fuerat,
1735 544 1784 582 ad
1804 556 2002 583 carcerem
2024 547 2183 585 damna-

1237 598 1281 643 ti,
1299 609 1442 635 areana
1463 598 1619 636 Ordinis
1647 598 1810 636 crimina
1836 598 2015 649 Philippo
2040 600 2184 638 Pulero

1238 650 1479 689 Francorum
1517 652 1599 701 regi
1635 652 1942 699 revelaverunt,
1975 652 2156 691 nimirum
2176 683 2186 701 ,

1238 705 1339 752 quod
1369 705 1610 755 aggregandi
1637 705 1773 742 Ordini
1793 705 2046 744 christianam
2065 706 2184 744 fidem

1238 758 1470 796 abiurarent
1498 761 1538 796 et
1557 771 1676 808 super
1697 759 1860 797 Crucem
1881 763 2089 808 spuerent,
2109 771 2182 810 ag-

1238 813 1392 860 gregati
1431 813 1471 849 in
1501 812 1750 861 clandestinis
1781 813 2037 851 conventibus
2066 825 2185 852 aver-

1238 877 1320 902 sam
1352 868 1391 902 et
1422 865 1629 904 nefandam
1651 866 1852 904 libidinem
1873 866 2186 915 committerent,

1238 922 1278 955 et
1305 919 1344 956 in
1375 920 1543 958 comitiis
1578 920 1754 958 cranium
1775 920 1980 958 barbatum
2001 922 2042 958 et
2060 921 2184 959 deau-

1239 974 1368 1010 ratum
1387 1003 1395 1019 ,
1434 974 1534 1021 quod
1578 974 1874 1023 Baphometem
1907 973 2158 1023 appellabant
2172 1004 2184 1020 ,

1237 1026 1315 1063 ritu
1337 1027 1493 1064 ethnico
1510 1027 1734 1065 adorarent.
1753 1027 1966 1068 Confestim
1983 1027 2185 1077 Philippus

1239 1091 1306 1118 rex
1342 1080 1585 1130 Templarios
1619 1081 1865 1119 denuntiavit
1893 1081 2084 1120 Clementi
2113 1082 2183 1131 Pp.

1238 1134 1286 1177 V;
1307 1134 1446 1172 deinde
1466 1135 1695 1172 existimans
1715 1134 1936 1184 periculum
1955 1145 2039 1173 esse
2053 1136 2092 1173 in
2108 1147 2185 1173 mo-

1238 1199 1303 1234 ra,
1333 1200 1410 1236 qua
1440 1188 1624 1226 Pontifex
1654 1189 1693 1226 in
1723 1188 1880 1226 illorum
1903 1200 2021 1226 causa
2039 1200 2184 1238 cogno-

1237 1242 1380 1279 scenda
1402 1242 1458 1280 uti
1480 1243 1703 1288 videbatur,
1722 1245 1785 1279 111⁰
1809 1243 1897 1280 idus
1917 1243 2063 1281 octobr.
2083 1242 2184 1280 1307

1238 1298 1426 1344 quotquot
1455 1296 1494 1333 in
1525 1308 1643 1345 regno
1673 1308 1744 1334 suo
1772 1299 1910 1342 erant,
1939 1296 2184 1345 Templarios

1236 1361 1324 1386 cum
1346 1350 1483 1387 Iacobo
1505 1346 1550 1387 de
1572 1349 1704 1396 Molai‚
1723 1361 1866 1399 magno
1886 1349 2041 1387 Ordinis
2059 1349 2183 1399 magi-

1235 1407 1338 1449 stro,
1367 1404 1434 1451 qui
1466 1416 1510 1441 eo
1539 1406 1714 1453 tempore
1741 1404 1780 1441 in
1803 1403 1972 1441 Galliam
1992 1406 2184 1450 venerat,

1237 1457 1434 1505 prehendi,
1455 1469 1667 1506 eorumque
1688 1458 1785 1495 bona
1807 1457 2045 1506 sequestrari
2059 1457 2182 1496 iussit.

1237 1510 1332 1548 Post
1350 1523 1494 1559 paucos
1515 1511 1595 1548 dies
1615 1511 1850 1548 Guilielmus
1867 1511 1912 1548 de
1929 1511 2105 1557 Parisiis,
2117 1510 2185 1548 Or-

1237 1564 1336 1601 dinis
1357 1564 1432 1602 FF.
1452 1564 1777 1602 Praedicatorum
1793 1569 1832 1602 et
1848 1564 2052 1602 Generalis
2067 1576 2184 1614 quae-

1236 1617 1333 1655 sitor
1360 1618 1473 1656 Fidei
1502 1618 1539 1655 in
1571 1618 1712 1664 Gallia,
1744 1630 1930 1667 magnum
1950 1617 2183 1667 magistrum

1237 1672 1410 1721 aliosque
1433 1672 1508 1710 140
1528 1672 1772 1721 Templarios
1794 1671 1957 1710 Parisiis
1971 1671 2184 1721 interroga-

1238 1726 1320 1770 vit,
1342 1726 1407 1774 qui
1429 1737 1577 1773 omnes,
1607 1726 1731 1763 tribus
1760 1725 1957 1775 exceptis,
1982 1725 2185 1774 praedicta

1236 1779 1401 1817 crimina
1430 1779 1596 1817 confessi
1626 1777 1753 1817 sunt¹.
1785 1779 1912 1821 Quum
1933 1783 2065 1817 autem
2088 1779 2184 1817 haec

1236 1834 1273 1870 in
1303 1834 1548 1882 Templarios
1569 1836 1722 1871 tentata
1742 1833 1904 1871 fuissent
1924 1832 2006 1870 sine
2025 1844 2182 1871 assensu

1237 1887 1438 1925 Pontificis
1453 1918 1462 1934 ,
1493 1887 1672 1925 Clemens
1695 1888 1730 1925 V
1751 1888 1797 1925 de
1817 1899 1863 1924 ea
1881 1898 1924 1924 re
1943 1888 2106 1934 questus
2125 1890 2186 1925 est

1235 1941 1272 1978 in
1294 1941 1436 1978 litteris
1458 1942 1505 1979 ad
1527 1953 1662 1990 regem
1683 1941 1793 1986 datis,
1814 1939 2093 1988 Inquisitorum
2115 1953 2182 1978 au-

1235 1995 1456 2033 ctoritatem
1493 1995 1712 2045 suspendit,
1746 2005 1887 2032 causae
1922 1993 2182 2043 cognitionem

1236 2048 1305 2086 sibi
1342 2050 1588 2095 reservavit,
1624 2052 1663 2086 et
1691 2049 1842 2086 interea
1870 2047 2183 2097 Templariorum

1237 2113 1418 2151 personas
1439 2105 1479 2140 et
1500 2104 1600 2140 bona
1621 2102 1813 2139 committi
1838 2101 1961 2140 voluit
1981 2102 2183 2150 Berenga-

1234 2157 1292 2193 rio
1313 2158 1351 2194 et
1371 2156 1572 2205 Stephano
1594 2155 1868 2194 cardinalibus.
1890 2156 2000 2194 Tunc
2017 2167 2085 2193 rex
2100 2155 2180 2205 plu-

1237 2221 1296 2247 res
1318 2222 1366 2247 ex
1388 2210 1544 2247 Ordinis
1567 2209 1898 2259 praeceptoribus,
1918 2209 2184 2258 presbyteris,

1236 2263 1426 2300 militibus
1447 2266 1486 2300 ct
1507 2263 1695 2301 fratribus
1716 2263 1803 2300 duci
1824 2263 1939 2300 iussit
1956 2262 2182 2301 Pictavium

1236 2318 1282 2354 ad
1301 2317 1538 2354 Clementem
1559 2319 1627 2367 Pp.
1649 2317 1713 2366 qui
1736 2328 1801 2354 eos
1821 2316 1994 2366 aliosque
2023 2316 2183 2365 aliquot,

1235 2371 1273 2407 in
1304 2373 1429 2407 totum
1461 2371 1529 2417 72,
1554 2374 1640 2420 post
1660 2370 1895 2419 praestitum
1917 2371 2182 2408 iuramentum

1235 2424 1386 2461 dicendi
1408 2424 1562 2473 plenam
1585 2428 1624 2462 ct
1643 2436 1793 2462 meram
1809 2425 2034 2471 veritatem,
2049 2435 2180 2462 coram

1234 2478 1508 2516 Carilinalibus
1544 2478 1822 2527 interrogavit3
1852 2490 2018 2528 cumque
2047 2489 2180 2516 eorum

1234 2531 1491 2569 confessiones
1521 2535 1811 2570 consentaneae
1834 2535 1962 2570 essent
1977 2531 2185 2570 confessio-

1236 2586 1347 2622 nibus
1381 2586 1494 2624 factis
1534 2598 1663 2624 coram
1702 2587 1936 2635 Inquisitore
1965 2583 2183 2631 Parisiis²,

1236 2639 1419 2677 Pontifex
1449 2652 1509 2677 an.
1545 2640 1645 2678 1308
1667 2641 1715 2678 ad
1738 2651 1872 2678 omnes
1891 2638 2093 2677 christiani
2114 2650 2182 2676 or-

1236 2692 1292 2729 bis
1323 2700 1361 2730 et
1391 2694 1589 2743 episcopos
1623 2698 1662 2732 et
1694 2693 1884 2744 principes
1914 2693 2066 2730 litteras
2112 2692 2182 2730 de-

1235 2747 1316 2792 dit,
1349 2749 1389 2784 ut
1419 2748 1456 2784 in
1478 2748 1721 2796 Templarios
1750 2747 1960 2785 seeundum
1990 2745 2156 2784 formam
2175 2774 2185 2790 ,

1235 2813 1350 2849 quam
1387 2802 1694 2850 praescribebat,
1731 2800 2015 2849 inquireretur3
2049 2799 2182 2849 inqui·-

1235 2854 1343 2891 rendi
1375 2856 1609 2904 potestatem
1639 2854 1828 2892 concessit
1856 2853 1982 2891 cuivis
2002 2853 2182 2902 episcopo

1235 2909 1272 2945 in
1303 2920 1373 2945 sua
1403 2909 1581 2953 dioecesi,
1611 2908 1841 2946 canonicum
1862 2906 2048 2944 iudicium
2069 2918 2181 2944 com-

1235 2963 1434 3000 mendavit
1467 2963 1624 3012 synodis
1659 2960 1962 3012 provincialibus
1980 2990 1990 3008 ,
2024 2959 2180 2998 Ordinis

1276 3067 1284 3087 ¹
1303 3070 1385 3099 loun.
1402 3078 1475 3099 can.
1494 3078 1517 3098 s.
1540 3067 1680 3105 victoris,
1710 3066 1777 3099 Μία
1803 3050 2008 3103 Clement.'V,
2025 3064 2107 3104 apud
2124 3064 2184 3095 Ba-

1235 3110 1286 3140 lul.
1310 3110 1394 3141 litae
1409 3110 1524 3150 Pontis.
1543 3109 1696 3141 Αιψηίυιι.
1713 3114 1731 3140 i.
1751 3110 1770 3140 l.

1273 3151 1404 3223 ἳιΕμίκι.
1431 3153 1573 3184 clement.
1607 3152 1626 3181 V
1656 3151 1693 3181 ad
1725 3150 1856 3190 Philipp.
1890 3157 1954 3189 reg.
1981 3147 2132 3187 Reqnam·
2148 3147 2181 3179 in

1235 3202 1288 3222 ὑπ’
1305 3205 1338 3226 cs,
