2241 3473
486 127 964 270 HISTORIAE
1025 188 1761 260 EOOLESIASTIOAE

716 304 719 306 ’
788 339 1118 430 EPOCHA
1156 339 1487 427 TERnAf
1989 396 2004 414 .

361 498 394 535 A
428 490 802 533 CONVERSIONE
837 484 1201 527 CONSTANTINI
1237 485 1291 523 M.
1318 484 1490 527 VSQVE
1523 485 1592 523 AD
1622 461 1883 524 EXCIDIVM

678 553 890 594 IMPERII
920 548 1323 597 OCCIDENTALIS,
1351 549 1435 588 AN.
1466 550 1554 588 476.

470 846 780 875 PROOEMIVM

202 949 416 996 Postquam
444 944 599 994 Religio
629 941 841 981 christiana
870 939 1105 977 Iudaeorum

148 1001 335 1039 invidiam
371 1003 411 1038 et
437 999 682 1036 ethnicorum
718 996 891 1033 furorem
930 992 1104 1038 vicisset,

149 1055 374 1103 cunctisque
403 1052 704 1102 tempestatibus
730 1048 868 1087 fortior
897 1046 1104 1092 extitisset,

149 1108 282 1146 divina
308 1106 552 1157 providentia
576 1104 739 1142 meliora
759 1107 934 1150 tempora
960 1099 1101 1137 Eccle-

149 1162 229 1199 siae
259 1161 491 1207 destinavit3
518 1171 606 1197 eam
635 1170 713 1195 non
735 1156 846 1193 modo
877 1166 898 1191 a
929 1153 1102 1191 cruentis

148 1215 483 1264 persecutionibus
501 1243 510 1258 ,
539 1224 638 1261 quas
670 1207 919 1260 praecedenti
955 1207 1103 1256 epocha

149 1280 332 1318 perpessa
352 1270 451 1313 erat,
472 1265 671 1309 liberavit,
702 1264 768 1302 sed
790 1262 956 1312 gloriose
982 1261 1100 1298 etiam

150 1321 351 1359 exaltavit.
382 1320 679 1359 Constantinum
715 1317 831 1366 elegit
850 1345 859 1360 ,
893 1315 959 1363 qui
994 1314 1100 1352 chri-

150 1376 278 1413 stiana
306 1386 417 1412 sacra
438 1373 652 1422 amplexus,
673 1370 889 1409 Ecclesiam
919 1369 957 1405 in
978 1368 1101 1406 liber-

149 1432 273 1466 tatem
293 1428 523 1473 vindicavit,
546 1427 669 1475 eique,
689 1425 864 1462 hostibus
879 1422 963 1460 eius
983 1423 1103 1459 vexil-

149 1483 184 1519 lo
214 1481 339 1520 crucis
371 1481 595 1526 debellatis,
625 1491 759 1528 pacem
787 1480 827 1515 et
856 1475 1101 1525 splendorem

149 1535 380 1573 conciliavit.
394 1536 454 1572 Ab
471 1546 514 1571 eo
530 1534 617 1571 inde
634 1536 807 1582 tempore
824 1529 1011 1577 Ecclesia,
1021 1542 1101 1579 pro-

148 1589 292 1638 fligatis
321 1589 508 1634 hostibus,
535 1587 644 1636 quasi
674 1597 790 1635 super
818 1585 934 1622 colles
965 1585 1101 1621 eleva-

148 1645 189 1680 ta
226 1645 384 1690 totoque
414 1642 505 1679 orbe
535 1640 745 1690 conspicua
772 1641 890 1688 atque
922 1638 1100 1686 resplen-

149 1697 254 1743 dens,
273 1707 406 1734 omnes
426 1694 588 1744 populos
605 1695 652 1732 ad
668 1707 708 1732 se
726 1694 925 1740 evocabat,
942 1692 1007 1741 qui
1023 1703 1102 1728 eer-

149 1750 263 1787 tatim
285 1752 554 1793 accurrerunt,
571 1751 613 1785 ut
634 1748 717 1785 vias
734 1747 889 1785 Domini
906 1745 1101 1785 discerent

149 1806 188 1841 et
208 1803 458 1841 ambularent
477 1803 515 1839 in
533 1802 681 1839 semitis
698 1802 792 1839 eius.
811 1801 922 1838 Tunc
939 1800 1100 1837 deorum

150 1858 241 1895 fana
274 1857 311 1894 in
347 1855 431 1893 veri
460 1855 643 1893 Numinis
673 1855 828 1904 templa⁴
844 1865 1033 1892 conversa
1062 1856 1101 1890 et

150 1910 276 1948 crucis
297 1914 456 1958 tropaeo
478 1910 660 1946 decorata
681 1911 781 1946 sunt.
799 1908 908 1945 Tunc
929 1919 1028 1945 crux
1049 1906 1099 1943 il-

148 1964 199 2009 la,
215 1966 330 2000 antea
346 1963 498 2000 Iudaeis
514 1962 742 2000 scandalum
759 1964 797 1999 et
812 1961 992 2010 gentibus
1009 1959 1100 1997 stul·

148 2017 247 2063 titia,
258 2018 295 2054 in
309 2016 498 2054 frontibus
511 2027 646 2065 regum
656 2016 738 2053 visa
747 2018 817 2060 est,
829 2028 849 2063 p
856 2027 876 2051 u
884 2025 1098 2062 rpurasque

149 2075 188 2109 ct
207 2071 391 2108 ardentes
413 2070 678 2107 diadematum
700 2080 873 2117 gemmas
890 2067 1098 2105 decoravit.

149 2125 263 2163 Orbis
283 2136 324 2161 se
344 2124 535 2160 domitum
557 2123 719 2172 agnovit
740 2135 814 2159 non
835 2122 938 2159 ferro
959 2121 1025 2158 sed
1047 2121 1099 2157 li-

149 2188 236 2227 gno.
260 2177 374 2215 Fides
394 2177 609 2214 christiana
628 2180 707 2214 tam
726 2176 830 2213 intra
849 2187 968 2223 quam
987 2176 1100 2211 extra

149 2231 354 2280 imperium
376 2231 566 2267 latissime
587 2237 801 2279 propagata
823 2229 906 2275 fuit,
929 2227 1100 2265 exterior

148 2284 349 2323 Ecclesiae
369 2288 495 2322 status
515 2284 700 2321 maiorem
721 2283 964 2332 splendorem
985 2293 1099 2331 acce-

148 2338 215 2388 pit,
238 2337 452 2386 Religionis
474 2338 589 2375 decor
610 2338 733 2385 magis
764 2337 942 2374 evolutus
962 2339 1031 2373 est.

202 2392 482 2429 Verumtamen
514 2392 680 2428 durante
720 2391 793 2427 hac
823 2390 905 2438 ipsa
939 2389 1096 2438 epocha,

150 2445 321 2484 Ecclesia
341 2445 566 2494 multiplicis
583 2444 736 2494 generis
752 2443 968 2481 certamina
987 2442 1097 2480 susti-

149 2499 244 2537 nuit.
268 2499 362 2536 Eius
383 2498 657 2536 exterminium
689 2498 933 2535 machinatus
954 2500 1011 2533 est
1033 2497 1096 2533 Iu-

147 2553 276 2590 lianus
308 2553 522 2601 imperator
551 2555 740 2601 apostata.
772 2551 920 2596 Eidem,
941 2552 1097 2599 praeter

148 2618 259 2655 reges
291 2607 521 2652 Persarum,
552 2605 843 2654 persecutiones
879 2604 1097 2641 intulerunt

151 2659 319 2705 barbari,
351 2659 413 2708 qui
436 2659 600 2697 Romani
622 2658 772 2708 imperii
796 2657 1014 2707 provincias
1035 2657 1097 2693 in-

150 2716 350 2750 vaserunt.
374 2713 553 2751 Interiori
576 2712 657 2750 eius
678 2711 957 2760 tranquillitati
979 2711 1098 2747 obste—

150 2769 284 2803 terunt
307 2779 407 2804 nova
426 2767 636 2804 schismata
657 2769 695 2803 ct
715 2766 907 2810 haereses,
928 2764 1099 2812 antiquis

149 2833 193 2857 co
225 2819 498 2868 periculosiora
514 2850 522 2866 ,
560 2832 634 2869 quo
668 2819 935 2857 subtilioribus
971 2817 1100 2855 verbis

150 2876 278 2911 essent
299 2875 508 2922 proposita,
529 2873 739 2922 formisque
762 2872 1029 2910 fallacioribus
1045 2882 1100 2908 or—

150 2930 253 2964 nata.
275 2926 395 2964 Nulla
425 2927 497 2964 suit
517 2927 685 2965 deterior
711 2926 883 2964 haeresis
905 2938 1021 2975 quam
1043 2926 1098 2962 A-

150 2981 260 3018 riana
278 3010 287 3026 ,
309 2980 417 3017 cuius
453 2984 761 3029 propugnatores
779 3010 788 3025 ,
809 2980 987 3029 quamvis
1018 2982 1101 3028 post.

152 3034 367 3072 Nicaenum
399 3034 603 3071 concilium
633 3035 678 3071 dc
700 3034 781 3071 sola
810 3046 905 3071 voce
925 3033 1100 3071 consul)-

150 3089 362 3125 ‚vrmzrmlz's
386 3088 600 3136 disceptare
623 3088 863 3134 viderentur,
885 3099 1024 3125 revera
1043 3089 1101 3124 ta-

152 3153 238 3179 men
278 3142 404 3189 ipsum
440 3141 654 3189 Religionis
689 3141 924 3179 christianae
959 3140 1101 3178 funda-

151 3197 339 3240 mentum,
370 3194 617 3233 divinitatem
647 3195 795 3234 scilicet
823 3194 925 3241 Filii,
947 3198 1101 3232 everte-

1142 828 1248 866 bant.
1261 827 1298 866 N
1303 827 1519 867 ulla-latius
1539 828 1680 878 serpsit
1699 840 1819 878 quam
1832 827 1902 868 illa
1921 827 2095 869 maiora-

1145 893 1219 930 que
1245 881 1482 920 detrimenta
1498 905 1520 928 ,·
1545 883 1775 932 praesertim
1810 883 2096 932 imperantibus

1144 935 1369 973 Constantio
1399 938 1439 972 et
1457 935 1640 982 Valente,
1660 936 1856 974 Ecclesiae
1876 936 2021 975 intulit.
2042 938 2097 975 At

1142 988 1180 1026 in
1210 989 1270 1027 his
1299 989 1476 1026 omnibus
1504 1000 1659 1027 rursum
1688 989 2097 1039 divinaprovidentia

1143 1042 1246 1079 circa
1267 1043 1482 1080 Ecclesiam
1511 1043 1766 1092 singulariter
1793 1043 1965 1081 emicuit.
1987 1043 2096 1082 Haec

1143 1096 1246 1134 enim
1261 1096 1387 1134 instar
1406 1096 1506 1134 areis
1525 1096 1840 1146 inexpugnabilis
1861 1108 2014 1146 semper
2028 1097 2096 1135 fir-

1143 1162 1218 1196 ma,
1240 1162 1316 1188 una
1335 1151 1375 1187 et
1395 1150 1530 1188 eadem
1551 1151 1672 1188 stetit.
1691 1150 1767 1199 Ipsi
1787 1149 1872 1188 eius
1891 1151 2020 1188 hostes
2036 1162 2099 1200 pe-

1141 1203 1332 1241 detentim
1366 1203 1414 1241 ad
1443 1216 1531 1241 eam
1558 1203 1815 1241 transierunt.
1850 1203 2097 1242 Schismatici

1141 1269 1235 1295 vero
1257 1261 1297 1295 et
1316 1257 1503 1295 haeretici
1522 1257 1561 1294 in
1584 1257 1759 1295 diversas
1779 1256 1971 1296 factiones
1989 1257 2097 1295 abie-

1140 1312 1244 1357 runt,
1264 1323 1376 1360 quae,
1397 1311 1461 1348 ubi
1481 1311 1755 1360 temporalium
1782 1311 2004 1361 principum
2023 1324 2096 1362 pa-

1139 1365 1304 1402 trocinio
1325 1365 1484 1402 orbatae
1503 1368 1608 1411 sunt,
1627 1367 1872 1403 corruerunt.

1196 1419 1228 1456 1.
1256 1419 1522 1456 Constantini
1540 1420 1747 1456 conversio
1768 1417 1852 1470 (an.
1870 1418 2097 1469 312)—Ro-

1141 1484 1296 1509 manum
1317 1472 1525 1521 imperium
1544 1473 1617 1509 hoc
1636 1474 1830 1521 tempore,
1852 1474 1894 1510 ut
1914 1472 2096 1519 vidimus,

1140 1527 1242 1563 inter
1272 1526 1591 1572 Constantinum,
1612 1526 1881 1572 Maxentium,
1904 1525 2094 1565 Maximi-

1141 1591 1236 1616 num
1256 1582 1297 1617 et
1312 1579 1507 1617 Licinium
1527 1583 1611 1617 erat
1626 1580 1794 1618 divisum
1812 1579 1835 1617 ¹.
1856 1579 2097 1626 Maxentius,

1140 1633 1207 1682 qui
1227 1633 1266 1670 in
1287 1633 1404 1670 Italia
1423 1636 1463 1670 et
1482 1632 1616 1670 Africa
1635 1633 1865 1682 imperabat,
1886 1632 2096 1674 exactioni-

1141 1687 1227 1733 bus,
1245 1686 1541 1724 crudelitatibus
1561 1688 1600 1723 et
1620 1687 1845 1724 libidinibus
1866 1687 1946 1725 suis
1966 1686 2095 1725 subdi-

1141 1744 1273 1778 torum
1294 1740 1424 1778 odium
1444 1740 1630 1786 incurrit,
1651 1741 1748 1778 adeo
1769 1743 1812 1778 ut
1827 1740 1998 1779 Romani
2016 1740 2096 1779 iam

1141 1794 1370 1832 Constantin
1378 1797 1504 1837 um,ut
1514 1796 1730 1843 tyrannum
1743 1795 1984 1840 exturbaret,
1995 1793 2096 1832 elam

1142 1848 1406 1886 evocaverint.
1417 1850 1469 1886 At
1486 1848 1713 1885 Maxentius
1729 1848 1812 1897 ipse
1829 1847 1999 1886 militum
2015 1859 2097 1886 suo-

1140 1914 1227 1939 rum
1259 1902 1408 1940 viribus
1436 1901 1601 1939 nimium
1630 1902 1795 1940 confisus
1813 1932 1821 1948 ,
1841 1901 2096 1940 Constantino

1141 1956 1287 1993 bellum
1305 1955 1462 2001 indixit,
1483 1955 1591 2004 quasi
1614 1955 1735 2004 patris
1755 1955 1814 1993 sui
1834 1954 2008 1993 Herculii
2024 1967 2096 1993 ne-

1140 2021 1224 2046 eem
1241 2010 1406 2046 ulturus
1424 2009 1710 2055 Constantinus,
1729 2012 1772 2047 ut
1788 2020 1993 2059 procacem
2009 2009 2096 2047 Ma-

1142 2063 1320 2099 xentium
1360 2063 1600 2110 reprimeret,
1639 2070 1678 2100 et
1706 2063 1906 2101 Romanos
1935 2063 1983 2100 ab
2011 2062 2097 2100 eius

1141 2116 1350 2165 tyrannide
1380 2115 1614 2162 vindicaret,
1635 2117 1851 2154 exercitum
1880 2116 1918 2153 in
1939 2115 2095 2153 Italiam

1141 2170 1273 2215 duxit3
1294 2169 1438 2218 primas
1457 2170 1674 2207 adversarii
1694 2170 1823 2219 copias
1840 2170 1888 2207 ad
1900 2169 2095 2207 Veronam

1140 2222 1260 2268 fudit,
1283 2222 1487 2271 victorque
1508 2223 1664 2272 propius
1694 2224 1741 2260 ad
1763 2223 1898 2260 urbem
1928 2223 2096 2260 Romam

1140 2274 1544 2325 properavit.Verum,
1561 2279 1720 2326 propter
1736 2278 2006 2326 praepotentes
2017 2275 2098 2313 Ma-

1141 2330 1261 2368 xentii
1283 2329 1412 2378 copias
1432 2341 1472 2367 se
1493 2330 1621 2367 altiori
1643 2330 1787 2367 auxilio
1807 2329 1982 2378 indigere
2003 2341 2094 2368 sen-

1140 2384 1249 2430 tiens,
1271 2383 1466 2431 simulque
1496 2384 1736 2432 perpendens
1767 2383 1922 2421 tristem
1944 2383 2095 2421 exitum

1141 2437 1375 2486 principum,
1395 2436 1461 2485 qui
1482 2437 1529 2474 iis
1543 2467 1551 2483 ,
1572 2437 1636 2486 qui
1665 2437 1783 2486 vulgo
1804 2437 1856 2474 dii
1877 2437 2094 2475 credeban-

1141 2495 1216 2538 tur,
1240 2490 1373 2542 confisi
1396 2490 1562 2537 fuerant,
1580 2490 1754 2528 animum
1775 2490 1969 2528 convertit
1987 2491 2036 2528 ad
2054 2489 2097 2528 il-

1140 2545 1222 2582 lum
1253 2544 1410 2581 unicum
1432 2544 1572 2590 Deum,
1593 2545 1704 2582 cuius
1725 2543 1952 2594 protectioni
1973 2543 2096 2594 patris

1141 2599 1197 2636 sui
1221 2609 1404 2647 prospera
1426 2596 1506 2635 fata
1523 2599 1782 2645 adscribebat,
1801 2609 1979 2648 precans,
1999 2599 2043 2635 ut
2057 2608 2098 2635 se

1141 2653 1173 2689 ei
1196 2651 1476 2697 manifestaret,
1497 2664 1662 2701 eumque
1683 2653 1794 2701 signo
1815 2651 1946 2700 aliquo
1967 2651 2012 2689 de
2032 2661 2097 2688 au-

1142 2706 1232 2743 xilio
1251 2705 1455 2742 certiorem
1473 2705 1664 2743 redderet.
1679 2706 1733 2744 Eo
1751 2706 1994 2754 deprecante,
2009 2715 2095 2742 cum

1142 2760 1198 2798 sol
1220 2760 1267 2796 ad
1289 2770 1468 2796 occasum
1490 2763 1690 2809 vergeret,
1720 2760 1875 2809 signum
1905 2757 2029 2795 crucis
2057 2756 2095 2794 in

1143 2813 1249 2851 coelo
1278 2812 1459 2862 apparuit
1476 2842 1485 2857 ,
1519 2815 1579 2850 cui
1614 2816 1700 2863 erat
1732 2812 1982 2861 inscriptum:
2004 2810 2097 2848 Hac

1143 2869 1271 2903 vince.
1308 2866 1516 2914 Obstupuit
1542 2867 1778 2917 imperator,
1809 2865 2095 2914 obstupuerunt

1144 2921 1287 2958 milites
1317 2920 1455 2957 ostenti
1489 2921 1602 2959 huius
1630 2923 1879 2971 spectatores.
1909 2917 2096 2967 Sequenti

1144 2976 1255 3011 nocte
1285 2974 1460 3011 Christus
1490 2974 1569 3023 ipse
1599 2987 1687 3013 eum
1716 2971 1831 3012 simili
1861 2971 1972 3021 signo
2001 2971 2095 3010 dor-

1145 3029 1276 3065 mienti
1295 3028 1519 3077 imperatori
1542 3028 1734 3078 apparuit,
1748 3036 1912 3074 eumque
1933 3024 2096 3071 monuit,

1146 3086 1187 3120 ut
1208 3081 1334 3119 erucis
1354 3082 1521 3131 signum,
1541 3082 1644 3132 quod
1663 3081 1701 3119 in
1724 3080 1970 3118 firmamento
1987 3078 2096 3117 vide-

1189 3201 1195 3223 ι
1219 3203 1280 3233 vm⁴
1300 3213 1327 3242 ρ.
1347 3201 1451 3233 75-713.
