2241 3473
702 181 838 211 VSQVE
860 182 913 208 AD
935 179 1219 208 PRAESENTEM
1243 181 1446 208 AETATEM

103 257 264 302 propter
297 253 529 299 Tigurinum
563 253 877 291 Conventionem
905 255 915 276 ¹
952 253 1047 288 inte-

103 319 199 356 grae
217 312 563 344 conservarentur.
585 307 716 342 Nihilo
732 308 858 343 minus
874 310 960 354 post
975 306 1048 342 Ca-

102 360 244 398 scotiae
270 361 477 408 proelium,
494 361 585 396 anni
609 361 713 404 1866,
748 361 968 408 Imperator
995 361 1049 396 lo-

102 414 260 462 seplius,
288 426 311 450 a
338 415 559 450 Boi-ussicis
582 416 703 450 arinis
722 415 916 456 devictus,
938 425 1048 449 suum

104 469 274 516 primum
303 468 579 503 administrum
608 470 759 504 creavit
785 480 855 503 ron
883 468 1002 503 Bczcsc
1029 478 1049 502 e

103 526 211 558 secta
239 523 554 569 protestantium·
583 522 661 557 Sub
687 522 760 557 lioc
788 521 1050 557 infensissimo

103 575 287 611 catholici
320 576 489 610 nominis
515 575 642 616 hoste,
670 586 815 621 magna
841 574 1049 610 commotio

103 629 142 664 in
181 630 297 666 rebus
336 629 531 673 religiosis
571 629 608 663 in
643 628 808 675 imperio
849 629 1048 663 austriaeo

106 688 247 719 exorta
273 687 346 718 est.
375 682 537 718 Int'anda
564 693 657 717 sane
691 681 739 717 ab
761 682 958 716 austriaco
978 681 1050 716 Gu-

105 737 240 773 bernio
267 736 386 772 veluti
414 736 548 771 Status
582 735 877 771 fundamentum
909 735 970 770 die
1007 734 1048 769 21

105 790 328 827 decembris
355 790 445 826 1867
474 790 553 825 lata
573 790 634 825 lex
653 793 725 832 est,
745 799 844 836 quae
871 789 908 824 in
928 787 1052 823 omni-

108 845 179 880 bus
204 843 358 890 imperii
385 842 596 879 ditionibus
615 842 733 879 etiam
754 842 973 878 catholicae
993 853 1053 877 re-

106 897 242 944 ligioni
267 897 381 932 unice
410 896 574 932 addictis
599 897 760 939 valere,
788 900 827 931 et
851 896 987 942 vigere
1014 906 1054 930 o-

106 952 238 987 mnino
280 950 461 986 debebat.
490 950 575 985 Hac
603 950 692 997 lege
720 949 846 984 omnis
879 949 1050 984 omnium

105 1005 332 1051 opinionum
352 1008 391 1040 et
410 1004 591 1039 librariae
611 1003 708 1039 artis
733 1003 907 1045 libertas,
927 1003 1053 1037 omnis

106 1063 188 1094 tum
215 1057 305 1093 fidei
335 1062 415 1092 tum
437 1057 703 1092 conscientiae
723 1067 769 1091 ae
790 1055 991 1091 doctrinae
1013 1055 1050 1090 li-

106 1113 241 1150 bertas
268 1113 527 1154 statuebatur,
548 1115 587 1147 et
606 1111 753 1146 civibus
772 1111 958 1157 cuiusque
978 1111 1053 1145 cul-

106 1171 169 1203 tus
202 1166 370 1202 facultas
405 1165 650 1201 tribuebatur
685 1164 882 1200 excitandi
915 1163 1054 1199 educa—

108 1220 237 1263 tionis,
265 1219 544 1266 doctrinaeque
564 1218 757 1261 instituta,
778 1222 817 1253 et
836 1229 971 1253 omnes
990 1229 1053 1253 cu-

107 1274 241 1321 iusque
269 1273 428 1319 generis
455 1272 666 1318 religiosae
687 1271 907 1306 Societates
927 1271 1055 1317 aequi-

107 1327 350 1375 parabantur
376 1330 416 1362 et
451 1336 474 1360 a
502 1326 622 1360 Statu
655 1324 1054 1370 recognoscebantur.

106 1382 254 1418 Omnes
282 1380 555 1417 reclamabant
581 1383 720 1414 eontra
746 1379 818 1414 has
845 1379 956 1425 leges
982 1407 990 1421 ‚
1017 1383 1057 1414 et

105 1435 314 1472 sustentati
337 1445 386 1470 ea
402 1446 470 1480 spe
485 1438 527 1469 ut
545 1433 797 1469 Austriaeum
816 1432 1054 1468 Gubernium

110 1489 330 1525 iustissimis
357 1489 394 1523 in
420 1487 584 1523 Austria
599 1497 805 1522 sacrorum
821 1486 1051 1522 Antistitum

106 1542 485 1590 expostulationibus
518 1541 664 1577 dociles
700 1540 892 1587 praebens
926 1551 1057 1582 aures,

107 1597 226 1632 vellet
240 1595 439 1631 saniorem
468 1594 631 1629 induere
650 1598 822 1629 mentem
839 1597 879 1628 et
894 1593 1059 1628 meliora

108 1650 309 1697 suscipere
326 1649 511 1691 consilia;
539 1649 607 1685 sed
643 1650 779 1684 inanes
806 1647 916 1682 fuere
953 1658 1056 1693 spes.

107 1704 289 1751 Namque
316 1703 417 1739 idern
434 1703 675 1738 Gubernium
703 1701 765 1737 die
783 1700 829 1736 25
848 1700 940 1735 maii
969 1700 1060 1737 1868

110 1758 229 1794 aliam
256 1756 376 1792 edidit
403 1756 606 1802 legem,de
625 1754 891 1791 matrimoniis
911 1754 1056 1795 mixtis,

109 1815 151 1848 et
176 1811 214 1846 in
241 1821 289 1846 ea
315 1810 522 1856 septennio
552 1811 727 1845 minores
756 1808 899 1844 debere
921 1819 1061 1854 paren-

112 1869 193 1900 tum
222 1875 246 1899 a
273 1871 381 1899 recta
408 1863 483 1898 fide
510 1862 773 1899 defectionem
793 1861 938 1897 sectari
958 1861 1061 1896 iube-

113 1919 242 1954 batur.
268 1918 434 1964 Insuper
453 1918 578 1952 omnis
597 1917 801 1953 delebatur
821 1915 878 1950 vis
899 1916 1060 1962 promis-

111 1973 278 2014 sionum,
296 1981 392 2017 quas
411 1970 552 2006 merito
573 1970 754 2006 Ecclesia
773 1969 967 2004 catholica
985 1970 1061 2004 exi-

113 2025 168 2071 git
202 2029 413 2072 antequam
450 2023 572 2059 mixta
613 2022 897 2058 contrabantur
931 2023 1062 2058 matri-

114 2079 272 2121 monia;
301 2082 340 2113 et
366 2078 452 2124 ipsa
480 2077 680 2124 apostasia
708 2080 786 2112 tum
813 2087 835 2111 a
854 2076 1060 2119 catholica,

114 2136 195 2168 tum
215 2142 238 2167 a
258 2131 472 2167 christiana
485 2131 674 2178 religione
691 2129 739 2165 ad
759 2129 889 2165 civilia
908 2130 967 2165 ius
985 2130 1060 2166 ele-

113 2185 294 2226 vabatur,
322 2188 362 2220 et
387 2184 515 2219 omnis
542 2184 749 2219 Ecclesiae
778 2183 996 2218 auctoritas
1023 2183 1060 2218 in

114 2249 231 2276 saera
261 2238 503 2274 coemeteria
536 2237 583 2273 de
612 2236 740 2272 medio
769 2236 995 2272 tollebatur.
1031 2237 1060 2272 I-

115 2293 201 2328 dem
229 2291 469 2328 Gubernium
497 2303 573 2326 non
601 2291 794 2326 dubitavit
828 2291 965 2326 eadem
1000 2291 1061 2326 die

116 2346 163 2382 dc
190 2345 459 2381 Matr-{monio
477 2356 626 2392 quoque
648 2345 776 2390 legem
797 2345 1062 2391 promulgare,

117 2411 194 2448 qua
222 2400 330 2446 leges
357 2399 405 2434 ad
433 2398 710 2434 Concentionis
739 2409 918 2433 normam
939 2399 1064 2434 editas

118 2454 234 2501 plane
262 2452 462 2495 abolevit,
499 2456 538 2488 et
570 2452 608 2487 in
643 2453 849 2498 pristinum
883 2453 1061 2498 vigorem

119 2506 290 2543 restituit
315 2510 472 2541 veteres
490 2506 710 2541 austriacas
738 2507 846 2552 leges
860 2507 1064 2542 Ecclesiae

118 2560 268 2607 legibus
292 2559 550 2595 veliementer
577 2559 778 2602 adversas,
804 2564 844 2595 et
863 2560 1067 2595 matrimo-

117 2614 224 2650 nium
239 2613 432 2655 etiam,uti
451 2612 724 2655 dieunt‚cieile
743 2613 901 2648 omnino
921 2613 1064 2660 impro-

118 2666 286 2702 bandum
305 2666 489 2708 asseruit,
501 2665 767 2707 confirmavit,
780 2670 896 2712 atque
908 2677 1064 2702 omnem

119 2719 324 2755 Ecclesiae
362 2718 640 2755 auctoritatem
683 2723 722 2755 et
758 2719 1062 2756 iurisdietionem

121 2772 229 2808 circa
255 2777 294 2807 et
321 2771 632 2808 matrimoniales
663 2780 824 2817 causasss,
852 2773 1063 2820 omniaque

122 2825 333 2862 tribunalia
359 2824 406 2860 de
434 2824 559 2861 medio
587 2827 754 2862 sustulit.
791 2827 938 2872 Legem
973 2838 1062 2874 quo-

121 2889 194 2925 que
221 2878 268 2914 de
293 2878 436 2914 scholis
464 2880 742 2926 promulgavit,
764 2890 840 2927 qua
858 2880 986 2916 omnis
1003 2892 1064 2916 ec-

122 2931 267 2967 elesiae
293 2931 354 2966 vis
379 2931 654 2968 destruebatur
671 2961 679 2976 ‚
707 2944 752 2968 ac
777 2932 1067 2970 decernebatur

123 2995 350 3032 supremam
391 2996 547 3020 omnem
590 2986 812 3022 litterarum
846 2986 1067 3034 disciplina-

125 3050 288 3085 rumque
315 3039 615 3083 institutionem,
643 3044 684 3075 et
710 3040 748 3075 in
779 3042 921 3078 scholis
946 3040 1067 3090 inspe-

123 3092 294 3128 ctionem
323 3103 368 3127 ac
395 3093 641 3139 vigilantiam
677 3093 725 3129 ad
759 3095 912 3131 Statum
948 3100 1067 3144 perti-

125 3156 234 3186 nere:
253 3155 300 3180 ac
318 3146 578 3189 statuebatur,
592 3151 634 3182 ut
652 3147 840 3193 religiosa
857 3148 1061 3188 dumtaxat

170 3251 180 3272 ¹
207 3252 322 3286 Italice
353 3252 505 3287 Traltato
530 3253 564 3285 di
588 3254 729 3295 Zuriqo.

1913 164 1989 205 391

1101 251 1289 287 institutio
1317 252 1356 287 in
1384 250 1634 298 popularibus
1652 248 1796 285 scholis
1813 258 1836 284 a
1856 247 2044 295 cuiusque

1100 305 1226 341 cultus
1237 305 1470 341 auctoritate
1489 304 1746 350 dirigeretur,
1762 305 1878 349 utque
1904 302 2042 338 variae

1101 359 1285 405 cuiusque
1314 358 1517 405 religionis
1543 357 1762 393 Societates
1781 355 1939 403 aperire
1958 366 2045 402 pos-

1099 412 1176 447 sint
1203 412 1437 458 peculiares,
1457 416 1497 448 et
1521 410 1701 458 proprias
1719 409 1872 446 scholas
1892 419 1961 455 pro
1988 409 2046 445 iu-

1100 468 1281 509 ventute,
1309 476 1355 500 ac
1381 464 1587 500 doctrinae
1615 463 1700 499 libri
1729 463 1776 498 ab
1803 462 2040 498 auctoritate

1101 519 1205 554 civili
1231 519 1514 566 approbentur,
1536 518 1582 553 iis
1603 521 1755 553 tantum
1774 516 1883 552 libris
1900 527 2044 562 exeep-

1105 572 1163 615 tis,
1190 573 1253 619 qui
1283 572 1492 618 religiosae
1511 571 1744 607 institutioni
1766 569 1960 606 inservire
1982 569 2048 606 de-

1102 626 1206 669 bent,
1233 626 1373 672 quique
1400 626 1448 660 ab
1475 625 1712 661 auctoritate
1749 624 1936 670 cuiusque
1971 623 2049 658 eul-

1102 683 1162 715 tus
1189 679 1432 727 approbandi
1457 682 1560 714 sunt.
1599 678 1693 714 Pius
1721 677 1795 724 Pp.
1823 677 1877 713 IX
1904 677 2049 713 allocu-

1103 733 1208 770 tione
1235 733 1368 769 habita
1394 733 1440 769 22
1466 733 1561 769 iunii
1591 732 1683 769 1868
1710 742 1848 767 omnes
1873 731 1968 767 istas
1995 731 2046 767 le-

1103 799 1172 834 ges
1193 787 1417 835 reprobavit
1435 792 1474 823 et
1491 786 1706 828 damnavit,
1724 786 1963 832 meritasque
1983 784 2051 821 tri-

1105 842 1184 877 buit
1202 841 1336 877 laudes
1353 841 1558 889 Episcopis
1576 839 1732 886 imperii
1759 839 1966 882 austriaci,
1987 839 2052 885 qui

1104 895 1318 942 episcopali
1336 896 1477 931 robore
1496 899 1575 931 tum
1595 905 1690 930 voce
1707 897 1789 929 tum
1806 893 1964 940 seriptis
1980 893 2053 928 Ec-

1104 950 1249 985 clesiae
1267 960 1425 985 causam
1447 953 1486 985 et
1511 948 1821 986 Conventionem
1855 945 2052 993 impavide

1105 1003 1205 1039 tueri
1231 1013 1278 1038 ac
1296 1002 1510 1038 defendere
1531 1006 1570 1038 et
1588 1012 1753 1048 gregem
1774 1000 1889 1036 officii
1909 1000 1968 1035 sui
1986 999 2053 1035 ad-

1105 1068 1267 1093 monere
1294 1068 1369 1093 non
1398 1056 1645 1092 destiterunt.
1669 1056 1717 1090 Et
1731 1053 1964 1090 allocutione
1984 1053 2052 1089 ha-

1106 1111 1187 1146 bita
1213 1111 1258 1147 25
1275 1111 1366 1146 iunii
1387 1110 1490 1153 1869,
1511 1109 1710 1145 abstinere
1728 1119 1806 1144 non
1826 1108 1953 1155 potuit
1970 1107 2054 1154 ipse

1104 1164 1283 1199 Pontifex
1310 1174 1333 1199 a
1361 1163 1539 1211 lugendis
1573 1162 1823 1209 gravissimis
1859 1161 1974 1196 malis
2008 1164 2049 1197 et

1107 1218 1261 1253 damnis
1280 1218 1416 1264 quibus
1436 1217 1574 1264 religio
1591 1216 1784 1252 catholica
1799 1215 1838 1250 in
1851 1215 1959 1251 hisce
1977 1217 2055 1251 ter-

1108 1271 1161 1307 ris
1179 1275 1219 1307 et
1238 1272 1467 1318 Hungariae
1489 1282 1611 1318 regno
1631 1269 1900 1306 miserandum
1917 1268 1955 1303 in
1973 1279 2053 1303 mo-

1107 1324 1197 1360 dum
1225 1325 1474 1370 affligebatur
1500 1330 1539 1361 et
1565 1324 1835 1360 divexabatur.

1156 1379 1270 1412 Anno
1301 1378 1391 1414 1874
1412 1377 1571 1424 publicis
1598 1377 1755 1423 Imperii
1782 1374 1960 1413 Comitiis
1991 1386 2055 1411 ex—

1110 1430 1338 1478 pendendae
1367 1435 1404 1467 et
1432 1429 1709 1478 approbandae
1738 1428 2056 1476 proponebantur

1111 1495 1235 1520 novae
1252 1484 1375 1530 leges,
1391 1485 1507 1530 vulgo
1527 1483 1836 1530 confessionales
1856 1493 2054 1529 nuncupa-

1113 1543 1300 1585 tae,quae
1319 1549 1366 1574 eo
1383 1538 1588 1573 manifeste
1604 1539 1850 1584 spectant,ut
1865 1536 2058 1572 catholica

1113 1592 1291 1628 Ecclesia
1332 1592 1370 1627 in
1415 1591 1787 1638 perniciosissimam
1825 1590 2060 1626 servitutem

1112 1646 1181 1682 sub
1208 1647 1372 1682 arbitrio
1392 1646 1516 1681 civilis
1535 1645 1782 1681 auctoritatis
1807 1648 1948 1680 contra
1965 1643 2060 1679 divi-

1114 1711 1203 1735 nam
1220 1701 1305 1736 Iesu
1320 1699 1465 1736 Christi
1482 1699 1767 1735 institutionem
1783 1698 1942 1734 omnino
1959 1696 2058 1734 redi-

1114 1755 1295 1800 gebatur.
1325 1753 1546 1789 Secundum
1574 1753 1643 1788 has
1671 1752 1780 1799 leges
1809 1752 1986 1788 Ecclesia
2020 1751 2059 1787 in

1113 1808 1290 1843 omnibus
1310 1807 1392 1843 fere
1414 1807 1632 1843 rationibus
1649 1810 1689 1842 et
1708 1806 1939 1849 actionibus,
1958 1816 2062 1853 quaev

1114 1861 1162 1896 ad
1190 1862 1368 1908 regimen
1394 1860 1568 1896 fidelium
1588 1862 1783 1906 spectant,
1804 1870 1989 1905 supremo
2008 1859 2064 1894 ci-

1114 1916 1199 1950 vilis
1226 1914 1474 1951 auctoritatis
1505 1914 1668 1960 imperio
1702 1924 1865 1959 prorsus
1892 1913 2062 1949 obnoxia

1114 1973 1152 2004 et
1177 1968 1349 2004 subiecta
1363 1968 1678 2012 existimabatur,
1695 1971 1810 2014 atque
1827 1966 2059 2011 habebatur;

1114 2022 1226 2069 idque
1253 2023 1290 2057 in
1318 2033 1366 2058 ea
1391 2021 1638 2058 M‘otioorzcm
1664 2021 1931 2068 expositione,
1959 2031 2059 2068 quae

1114 2077 1192 2111 vim
1220 2080 1260 2112 et
1286 2087 1444 2112 sensum
1472 2076 1765 2122 propositarum
1790 2075 1920 2121 legum
1943 2074 2061 2122 expli-

1114 2130 1243 2172 cabat,
1271 2134 1414 2176 aperte
1440 2129 1561 2165 veluti
1589 2129 1767 2176 principii
1802 2129 1886 2164 loco
1913 2131 2056 2164 statue-

1115 2184 1241 2219 batur.
1273 2184 1405 2231 ltaque
1433 2183 1546 2219 civile
1575 2183 1818 2219 Gubernium
1853 2182 1923 2218 sibi
1955 2192 2063 2218 arro-

1114 2238 1232 2283 gabat
1264 2241 1345 2273 tum
1381 2237 1561 2272 iudicium
1597 2247 1644 2272 ae
1679 2236 1842 2283 proinde
1876 2235 2064 2281 magiste-

1116 2291 1214 2326 rium
1241 2291 1288 2326 de
1317 2291 1593 2326 constitutione
1621 2294 1660 2326 et
1686 2290 1834 2325 iuribus
1854 2289 2060 2325 Ecclesiae

1116 2345 1359 2387 catholicae;
1388 2351 1467 2379 tum
1494 2355 1721 2390 supremum
1755 2342 1929 2379 eiusdem
1958 2343 2059 2389 regi-

1116 2410 1236 2442 men,
1264 2397 1364 2445 quod
1392 2397 1537 2445 partim
1564 2408 1634 2443 per
1660 2408 1701 2432 se
1738 2397 1865 2443 ipsum
1899 2396 1979 2431 suis
2007 2396 2059 2432 le-

1117 2452 1227 2497 gibus
1253 2462 1399 2499 suaque
1426 2451 1597 2492 actione,
1620 2450 1762 2497 partim
1785 2461 1853 2496 per
1873 2450 2058 2485 ecclesia-

1115 2506 1233 2541 sticos
1251 2505 1360 2541 viros
1378 2505 1450 2541 sibi
1469 2504 1715 2550 mancipatos
1734 2502 2060 2544 exerceat-Quod

1117 2570 1208 2595 vero
1236 2559 1284 2595 ad
1311 2559 1416 2605 ipsas
1444 2559 1552 2604 leges
1580 2558 1779 2604 pertinet,
1814 2557 1952 2604 quibus
1983 2568 2062 2593 me-

1117 2616 1271 2648 morata
1288 2612 1534 2648 Mociooram
1556 2611 1747 2658 expositio
1771 2611 2003 2657 praefigitur
2021 2610 2064 2646 li-

1117 2670 1179 2702 cet
1194 2677 1265 2702 eae
1282 2666 1452 2714 speciem
1469 2664 1638 2711 aliquam
1656 2664 1935 2700 moderationis
1951 2674 2062 2711 prae-

1116 2721 1268 2756 seferre
1285 2720 1450 2755 fortasse
1471 2717 1761 2762 videbantur,si
1779 2729 1866 2754 cum
1882 2718 2064 2754 Borussi-

1118 2774 1174 2809 cis
1206 2773 1357 2820 legibus
1384 2775 1663 2818 comparentur
1685 2800 1693 2815 ‚
1727 2782 1771 2807 re
1804 2775 1937 2807 tamen
1963 2781 2061 2807 vera

1117 2826 1291 2864 eiusdem
1319 2825 1480 2860 rationis
1501 2828 1541 2860 et
1558 2824 1699 2860 indolis
1718 2829 1847 2869 erant,
1867 2824 2062 2860 eamdem-

1117 2892 1190 2928 que
1225 2879 1442 2916 catholicae
1477 2879 1680 2914 Ecclesiae
1707 2878 1745 2914 in
1782 2878 1986 2915 austriaca
2012 2878 2064 2913 di-

1117 2935 1221 2971 tione
1241 2933 1433 2980 parabant
1452 2932 1682 2979 perniciem.
1704 2933 1810 2968 Inter
1828 2932 1927 2968 alias
1954 2932 2063 2978 leges

1117 2987 1332 3026 Conventio
1372 2986 1475 3022 inter
1501 2985 1614 3021 Pium
1641 2985 1714 3032 Pp.
1742 2986 1795 3021 IX
1823 2990 1862 3022 et
1889 2987 2062 3032 Impera-

1118 3046 1243 3078 torem
1271 3052 1371 3076 ann.)
1389 3040 1480 3076 1855
1505 3040 1602 3075 inita
1618 3040 1685 3082 (uti
1705 3040 1873 3076 vidimus
1890 3042 1913 3084 ἓ
1931 3040 2003 3084 61),
2022 3042 2063 3076 et

1118 3096 1165 3131 ab
1183 3094 1321 3131 eodem
1349 3093 1531 3140 Principe
1551 3093 1717 3129 solemni
1746 3093 1955 3140 sponsione
1981 3104 2062 3128 mu-

1118 3149 1212 3190 nita,
1234 3148 1377 3194 totique
1411 3147 1580 3193 Imperio
1606 3147 1731 3182 instar
1759 3147 1937 3193 publicae
1964 3145 2061 3193 legis

1118 3202 1380 3249 promulgata,
1399 3204 1489 3237 tune
1505 3201 1662 3248 Imperii
1678 3200 1845 3237 comitiis
1859 3200 2063 3237 declaran-

1118 3256 1167 3291 da
1181 3255 1474 3302 proponebatur
1496 3257 1695 3301 tamquam
1717 3255 1820 3290 omni
1833 3265 1995 3303 prorsus
2013 3264 2061 3290 ex
