2241 3473
231 170 291 198 XII

179 237 400 289 praeterea
422 233 567 275 critica
589 232 639 274 de
660 231 914 273 auctoritate
935 228 1117 271 testimo-

178 294 247 341 nii,
269 292 514 347 inquirendo
536 291 702 338 scilicet,
721 301 773 330 an
797 290 946 329 auctor
967 300 1043 328 seu
1059 290 1117 328 te·

179 353 254 393 stis
274 351 445 398 factum,
463 349 572 404 quod
593 348 732 396 refert,
751 347 923 388 sciverit
943 348 985 387 et
1006 347 1048 386 in
1066 358 1115 387 eo

178 410 389 452 narrando
420 410 475 451 sit
506 409 707 449 sincerus.
742 406 807 448 Ita
839 406 949 447 enim
973 417 1115 446 sumus

178 474 333 511 natura
355 467 597 522 comparati,
616 469 665 507 ut
685 464 738 506 ad
760 464 1016 506 credendum
1034 476 1117 505 non

178 532 305 569 antea
329 538 585 573 moveamur,
608 537 733 578 quam
755 523 933 566 firmiter
949 536 1118 578 persua-

178 588 211 628 si
235 587 386 634 simus,
411 587 652 626 narrantem
676 596 807 637 neque
830 582 963 638 decipi
985 595 1119 636 neque

178 645 282 687 alios
315 644 501 698 decipere
534 643 655 684 velle.
679 643 981 684 Verumtamen
1012 643 1119 683 sicut

177 717 246 745 ars
285 704 428 744 critica
464 702 706 743 necessaria
737 705 803 744 est
833 702 875 742 in
907 702 1118 742 Historiae

177 762 485 804 ecclesiasticae
516 760 654 803 studio
687 774 738 803 ne
760 760 935 816 singulis
957 760 1118 815 promi-

176 833 275 863 scue
298 824 341 861 et
362 819 481 862 facile
504 821 799 868 assentiamur,
817 821 878 862 ita
901 821 1028 862 etiam
1045 833 1120 861 ca-

179 879 360 921 vendum
381 882 446 921 est
468 893 492 921 a
517 880 641 921 nimia
663 879 857 922 credendi
875 878 1120 921 difficultate

175 945 217 981 et
251 938 467 981 dubitandi
499 939 750 981 temeritate.
785 939 1054 993 Quapropter
1079 938 1120 978 in

175 1000 292 1040 recto
327 998 491 1040 critices
520 1011 598 1040 usu
621 998 909 1041 observandae
931 1000 1029 1040 sunt
1051 1010 1120 1038 re-

174 1057 299 1112 gulae
314 1089 323 1106 ,
357 1069 462 1111 quas
495 1056 545 1099 de
569 1056 649 1099 fide
670 1057 872 1100 historica
894 1057 1022 1112 probe
1045 1070 1121 1098 ae-

175 1115 385 1159 stimanda
417 1117 498 1159 viri
529 1116 640 1159 docti
671 1116 947 1160 tradiderunt.
977 1117 1043 1158 Ex
1073 1117 1120 1157 iis

174 1176 328 1231 regulis
361 1176 611 1231 praecipuae
643 1180 742 1219 sunt
773 1176 876 1226 hae,
911 1189 1018 1230 quae
1050 1189 1120 1217 se-

173 1239 382 1289 quuntur:

232 1297 282 1347 a)
324 1295 631 1338 Documentum
673 1295 920 1337 historicum
962 1294 1122 1338 tamdiu

174 1355 404 1408 genuinum
435 1353 673 1396 habendum
708 1358 793 1403 est,
831 1354 964 1395 donec
997 1354 1066 1396 vel
1099 1368 1121 1395 e

175 1412 489 1455 characteribus
506 1414 682 1456 internis
702 1414 766 1456 vel
780 1414 1027 1457 testimoniis
1042 1413 1123 1455 ido-

175 1473 262 1514 neis
285 1475 490 1527 appareat
513 1486 606 1514 esse
629 1473 950 1528 supposititium.

235 1531 281 1584 b)
324 1531 505 1581 Fontes,
539 1545 644 1586 quos
677 1532 886 1581 Ecclesia,
920 1545 1028 1586 quae
1060 1534 1125 1573 est

174 1590 369 1632 columna
392 1592 600 1640 veritatis,
620 1592 824 1646 genuinos
847 1595 922 1633 aut
944 1604 1120 1646 apocry-

175 1649 278 1705 phos
301 1650 369 1693 vel
392 1651 556 1705 spurios
579 1650 832 1699 declaravit,
856 1652 904 1692 ut
927 1651 1033 1692 tales
1054 1650 1125 1691 ha-

173 1708 298 1752 bendi
319 1712 430 1752 sunt.
453 1708 521 1751 Sic
538 1709 731 1752 Gelasius
750 1710 834 1751 ΡΡ.
853 1710 885 1760 Ι,
904 1710 945 1750 in
964 1711 1116 1752 Roma·

175 1782 228 1811 na
250 1768 412 1824 synodo
435 1782 544 1810 anno
567 1769 653 1811 494
675 1769 839 1819 habita,
863 1773 958 1824 post
979 1769 1117 1811 defini-

176 1832 241 1870 tos
272 1827 402 1869 libros
434 1829 652 1882 utriusque
685 1829 967 1878 Testamenti,
1000 1829 1120 1884 plura

174 1887 334 1941 scripta
356 1886 593 1929 declaravit
614 1887 859 1943 apocrypha
878 1890 902 1928 ¹.

241 1948 285 1999 e)
299 1945 422 1988 Liber
434 1947 683 1989 aestimatur
703 1947 984 2002 apocryphus,
1000 1960 1120 2001 quem

177 2009 348 2047 veteres
391 2006 474 2047 iam
512 2005 609 2047 olim
646 2020 724 2048 ceu
758 2005 885 2048 talem
923 2005 1121 2061 repudia-

181 2067 300 2114 runt;
341 2065 418 2106 nisi
456 2068 718 2108 inomentosa
751 2066 915 2107 ratione
949 2069 1122 2108 contra-

179 2125 286 2164 rium
309 2125 531 2166 evincatur
547 2122 575 2166 ².

236 2183 282 2238 cl)
306 2183 430 2231 Fons,
470 2184 511 2224 in
550 2196 631 2237 quo
670 2187 960 2227 memorantur
997 2183 1122 2233 facta,

179 2255 398 2296 personae,
423 2242 634 2293 haereses,
659 2244 798 2286 aliave
822 2244 1031 2292 adiuncta,
1055 2257 1124 2284 au-

179 2302 308 2343 ctoris
347 2304 489 2343 aetate
522 2304 782 2356 posteriora,
815 2303 1030 2344 habendus
1062 2307 1126 2344 est

179 2361 344 2415 spurius
373 2363 448 2402 aut
470 2361 770 2414 interpolatus;
794 2364 870 2403 nisi
893 2363 1040 2417 gravis
1063 2375 1125 2402 ra-

181 2421 239 2461 tio
262 2419 449 2469 suadeat,
469 2419 538 2461 illa
558 2419 685 2462 fuisse
704 2421 868 2464 adiecta
886 2421 937 2463 ab
957 2421 1038 2462 alio
1057 2422 1125 2474 qui

184 2479 298 2520 illum
321 2479 598 2522 continuavit.

241 2540 283 2590 e)
317 2539 491 2593 Spurius
520 2538 588 2580 vel
623 2539 899 2594 interpolatus
931 2543 1126 2581 censetur

183 2597 299 2647 liber,
318 2599 350 2639 si
374 2597 576 2653 (logmata
597 2599 811 2640 contineat
831 2599 1046 2640 contraria
1064 2599 1124 2643 iis,

182 2669 286 2710 quae
310 2661 459 2698 auctor
480 2656 576 2698 alibi
599 2670 799 2712 expresse
822 2658 973 2707 tra‹lit;
997 2659 1031 2698 si
1048 2660 1124 2699 sti-

183 2715 246 2756 lus
277 2716 331 2756 sit
362 2716 554 2757 diversus
583 2717 622 2757 in
646 2717 791 2758 eodem
815 2716 1020 2758 scribendi
1045 2729 1122 2769 ge-

224 2825 232 2847 ¹
251 2825 483 2858 Observandum
507 2830 567 2865 est,
586 2827 767 2860 vocabulum
789 2827 1030 2868 apocryphum
1046 2828 1126 2866 apud

186 2870 306 2898 veteres
332 2868 415 2898 varia
439 2869 557 2899 ratione
582 2871 740 2908 usurpari;
765 2870 840 2899 alios
867 2870 962 2900 libros
985 2870 1126 2899 ‹lixi-runi

183 2910 389 2948 apocryphos,
413 2909 494 2949 quod
520 2919 578 2940 non
604 2911 791 2949 pertin-»rent
808 2912 844 2941 :ul
863 2919 1011 2942 canonem
1029 2911 1126 2940 libro-

184 2959 248 2980 rum
266 2950 437 2981 divinorum
456 2951 501 2980 vel
518 2951 557 2980 :ili
573 2952 709 2981 berh-sia
724 2962 782 2983 non
796 2955 899 2983 essent
911 2953 1073 2992 approbati
1088 2952 1125 2980 :ul

185 3000 272 3021 usum
311 2991 454 3028 ublicum,
467 2992 555 3030 alios,
569 2993 650 3031 qnod
666 3002 724 3023 non
738 2998 841 3024 esseni
854 2995 968 3033 proprii
981 2993 1127 3028 auctoris,

185 3033 232 3062 rui
256 3041 273 3062 a
298 3032 530 3070 scribel›an1ur;
554 3034 643 3071 alios,
665 3035 746 3074 ‹luod
764 3036 955 3066 continerent
972 3035 1127 3066 doctrinas

226 3115 239 3136 '²
257 3115 331 3146 {linc
354 3115 516 3155 plurimum
542 3115 645 3147 valent
666 3117 775 3147 iudicia
799 3128 820 3148 s.
849 3119 1032 3157 Hieronymi,
1049 3120 1127 3148 Gen-

185 3156 281 3195 nadis,
293 3157 401 3188 isidori
417 3158 616 3197 hispalensis,
632 3158 737 3193 l’lioiii,
751 3159 917 3195 'trinit-mii,
927 3160 1064 3195 aliorum,
1077 3161 1126 3199 qui

183 3198 348 3239 catalogos
365 3200 550 3238 scriptorum
567 3199 846 3230 cccli-sia«licui-nin
865 3201 1096 3231 conrintini-unt.

608 167 874 195 INTRODVCTIO
903 165 946 191 IN
974 163 1196 191 HISTORIAM
1225 163 1564 191 ECCLESIASTICAM

1163 240 1276 276 nere,
1291 228 1359 270 vel
1384 228 1546 269 alienus
1564 226 1616 269 ab
1641 240 1765 278 aevo,
1785 241 1868 283 quo
1886 226 1992 269 liber
2008 225 2110 268 scri·

1162 289 1257 340 ptus
1295 287 1468 337 dicitur,
1506 287 1586 328 nisi
1607 287 1794 341 legitima
1814 288 1978 329 ratione
2001 286 2109 327 istae

1169 347 1422 388 mutationes
1454 348 1497 387 et
1528 344 1786 387 differentiae
1818 346 2109 388 concilientur.

1220 405 1260 459 f)
1303 406 1349 447 In
1383 404 1643 447 aestimanda
1684 403 1765 446 fide
1807 406 2108 447 monumento-

1163 477 1257 505 rum
1278 477 1361 506 non
1381 465 1646 518 scriptorum,
1666 465 1888 518 praecipue
1905 464 2110 518 inquiren-

1164 523 1261 564 dum
1294 530 1370 572 est,
1404 524 1470 565 cui
1503 524 1646 572 aetati,
1681 523 1747 564 cui
1780 524 1945 565 auctori
1966 536 2109 565 monu-

1163 584 1350 624 mentum
1369 583 1424 625 sit
1438 582 1719 630 tribuendum,
1737 595 1792 623 an
1808 582 1863 623 sit
1881 583 2108 636 genuinum

1164 644 1207 682 et
1220 643 1444 696 integrum,
1456 656 1508 683 an
1522 643 1710 696 spurium
1723 645 1797 683 aut
1809 641 2108 683 adulteratum.

1219 702 1269 755 9)
1308 702 1355 741 In
1395 700 1622 743 iudicandis
1659 700 1954 742 traditionibus
1987 713 2112 742 even·

1165 762 1283 801 tuum
1310 760 1693 802 ecclesiasticorum
1714 760 2009 814 inquirendum
2031 763 2111 806 est,

1164 832 1218 860 an
1241 833 1317 874 per
1337 820 1538 862 incultam
1561 823 1727 862 tantum
1749 819 1936 874 plebem,
1959 832 2013 860 an
2035 831 2110 873 per

1166 878 1380 920 Ecclesiae
1403 879 1598 921 doctores
1622 882 1666 920 et
1682 879 1944 933 praepositos
1962 890 2112 933 propa-

1165 940 1292 992 gatae
1331 942 1457 992 atque
1489 939 1657 992 scriptis
1689 951 1854 992 quoque
1887 937 2112 979 mandatae

1165 996 1341 1048 fuerint3
1360 997 1582 1053 diligenter
1596 998 1723 1039 etiam
1741 996 2044 1040 attendendum
2061 995 2113 1037 ad

1164 1059 1348 1112 tempus,
1381 1070 1463 1111 quo
1495 1058 1674 1111 primum
1704 1057 1856 1098 litteris
1888 1055 2112 1098 mandatae

1165 1122 1275 1165 sunt,
1300 1116 1353 1158 ad
1375 1117 1618 1170 scriptores,
1638 1130 1664 1157 a
1680 1116 1829 1170 quibus
1849 1114 2112 1165 adferuntur,

1166 1178 1208 1217 et
1225 1175 1277 1217 ad
1295 1176 1542 1230 qualitatem
1559 1179 1752 1223 eventus,
1767 1188 1890 1229 quem
1907 1173 2112 1217 referunt.

1228 1235 1276 1283 h)
1305 1235 1479 1290 Scriptis
1510 1235 1799 1290 supposititiis,
1822 1248 1878 1276 ex
1909 1235 2115 1290 ignoran-

1167 1294 1227 1336 tia
1264 1296 1428 1336 auctori
1462 1294 1584 1336 alicui
1623 1294 1850 1343 attributis,
1885 1295 1919 1335 si
1951 1296 2115 1348 tempus

1169 1356 1210 1395 et
1232 1353 1371 1403 locus,
1396 1353 1542 1407 quibus
1566 1354 1798 1408 composita
1820 1355 1923 1403 sint,
1947 1354 2116 1396 circiter

1169 1411 1329 1454 definiri
1362 1415 1514 1468 possit,
1549 1426 1599 1455 ea
1630 1412 1731 1455 fides
1761 1415 1984 1468 competit,
2009 1426 2116 1468 quae

1170 1472 1259 1513 aliis
1283 1473 1467 1514 eiusdem
1490 1474 1690 1527 temporis
1712 1475 1755 1515 et
1777 1473 1856 1515 loci
1880 1472 2069 1515 testibus.

1230 1532 1266 1583 κ’)
1309 1532 1343 1572 Ε
1373 1532 1538 1586 scriptis
1570 1531 1818 1575 adulteratis
1861 1546 1911 1574 ea
1953 1535 2117 1575 tantum

1171 1590 1266 1632 loca
1288 1591 1339 1632 ab
1361 1591 1563 1633 historico
1586 1592 1849 1646 suscipienda
1871 1595 1989 1638 sunt,
2011 1604 2117 1646 quae

1172 1650 1415 1704 incorrupta
1437 1663 1529 1691 esse
1553 1653 1732 1693 constat.

1234 1709 1283 1762 k)
1323 1710 1626 1751 Testimonium
1668 1709 1739 1751 vel
1775 1709 1933 1752 factum
1956 1719 1985 1759 ,·
2009 1710 2120 1764 quod

1172 1781 1265 1809 cum
1298 1768 1573 1823 chronologia
1602 1772 1721 1811 certa
1745 1769 1813 1812 vel
1835 1769 1927 1811 aliis
1948 1770 2117 1812 eventi-

1171 1826 1247 1868 bus
1270 1828 1469 1870 historice
1486 1829 1613 1870 certis
1631 1833 1706 1871 aut
1723 1842 1817 1870 cum
1834 1830 2035 1883 temporis
2053 1829 2117 1870 ri-

1171 1886 1295 1935 tibus,
1330 1887 1529 1933 moribus,
1554 1888 1703 1929 aliisve
1726 1887 1933 1929 adiunctis
1953 1892 2117 1942 pugnat

1169 1949 1212 1986 et
1244 1946 1458 1987 conciliari
1490 1948 1646 2000 nequit,
1683 1947 2013 1989 commentitium
2035 1947 2116 1989 ha-

1171 2003 1348 2045 bendum
1371 2010 1448 2047 est.

1231 2064 1264 2116 l)
1288 2063 1441 2106 Merito
1468 2068 1664 2119 suspecta
1685 2067 1749 2107 est
1772 2066 1959 2108 narratio
1981 2067 2116 2123 scrip-

1170 2123 1272 2164 toris
1304 2124 1568 2178 posterioris,
1598 2125 1631 2166 si
1663 2125 1858 2179 aequales
1892 2128 1936 2167 et
1968 2139 2115 2182 suppa-

1168 2194 1236 2222 res
1269 2194 1425 2231 omnes,
1460 2183 1612 2237 alioqui
1643 2185 1784 2226 exacti
1817 2188 1859 2226 et
1881 2184 2118 2240 diligentes,

1169 2240 1216 2281 de
1239 2254 1284 2282 re
1307 2241 1471 2290 sileant,
1493 2255 1617 2295 quarn
1640 2247 1810 2298 propter
1827 2243 2115 2288 celebritatem

1169 2301 1275 2341 scire
1298 2304 1341 2341 et
1362 2300 1517 2342 referre
1540 2301 1792 2345 debuissent.

1228 2360 1293 2410 m)
1318 2360 1465 2401 Testes
1504 2374 1588 2402 rem
1608 2394 1617 2409 ‚
1649 2375 1773 2414 quam
1806 2366 2010 2413 narrant,
2044 2366 2118 2406 sci-

1169 2418 1281 2459 visse
1299 2420 1596 2467 aestimantur,
1621 2421 1654 2460 si
1677 2421 1767 2462 eius
1790 2421 1943 2465 suerint
1964 2428 2115 2466 aucto-

1145 2505 1147 2513 ,
1171 2489 1236 2518 res
1258 2481 1333 2519 aut
1357 2478 1593 2527 consiliarii,
1621 2479 1686 2521 vel
1709 2481 1746 2521 ei
1770 2485 2009 2535 praesentes
2031 2483 2117 2526 fue·

1170 2537 1264 2584 rint,
1291 2536 1358 2577 vel
1382 2537 1571 2578 notitiam
1595 2543 1831 2594 acceperint
1854 2542 1904 2582 ab
1928 2542 2114 2585 eiusdem

1169 2594 1423 2643 auctoribus,
1448 2597 1693 2639 consiliariis
1716 2603 1789 2641 aut
1813 2600 1988 2643 testibus
2006 2615 2113 2644 ocu-

1168 2654 1262 2695 latis
1286 2654 1350 2695 vel
1374 2656 1534 2702 auritis,
1560 2657 1622 2698 vol
1643 2658 1824 2701 vixerint
1842 2659 1933 2702 loco
1952 2663 1996 2703 et
2013 2664 2116 2704 tem-

1169 2726 1268 2767 pore
1287 2715 1601 2767 cogn‹)scon‹lae
1626 2718 1682 2758 rei
1706 2720 1962 2773 opportunis.

1227 2774 1279 2822 η)
1314 2774 1501 2815 Assertio
1535 2777 1651 2817 testis
1684 2777 1749 2818 vel
1780 2779 2020 2834 scriptoris,
2042 2782 2112 2836 qui

1171 2830 1324 2872 factum
1349 2833 1516 2874 novisse
1540 2837 1794 2886 aestimatur,
1814 2838 1996 2882 habetur
2017 2841 2110 2882 sin-

1169 2903 1278 2938 cera,
1301 2891 1495 2943 quamdiu
1519 2908 1540 2934 e
1562 2895 1791 2938 rationibus
1807 2897 2112 2942 sufficientibus

1171 2963 1251 2989 non
1287 2958 1460 2992 vocetur
1492 2955 1526 2993 in
1556 2953 1734 2996 dubium.
1759 2956 1961 3001 Rationes
1984 2971 2112 3015 prae-

1170 3009 1313 3063 cipuae
1337 3009 1401 3050 liic.
1434 3012 1740 3066 perpendendae
1756 3049 1765 3066 ‚
1795 3021 1896 3061 sunt
1916 3016 2109 3062 affectio-

1172 3081 1242 3107 nes
1274 3071 1442 3114 amoris.
1465 3071 1711 3116 adulationis
1739 3080 1784 3118 et
1815 3077 1919 3128 odii,
1941 3090 2108 3133 exage-

1173 3128 1342 3169 rationis
1364 3131 1519 3182 genius.
1542 3132 1682 3176 studia
1704 3136 1929 3192 religionis,
1948 3140 2104 3188 sectae,

1173 3188 1392 3237 societatis,
1418 3190 1587 3243 patriae.
