2241 3473
417 257 892 328 HISTORIAE
944 255 1672 326 EchESIAsricAE

714 416 1039 503 EPOCHA
1087 416 1347 504 PRIMA

383 577 415 613 A
446 571 768 613 NATIVITATE
798 571 914 609 IESV
943 571 1151 610 CHRISTI
1180 572 1316 614 VSQV
1320 573 1352 610 E
1381 572 1450 610 AD
1479 572 1679 611 OBITVM

642 636 680 675 S.
702 635 916 674 IOANNIS
944 636 1209 683 APOSTOLI,
1230 635 1315 676 AN.
1339 635 1424 675 101.

390 839 698 868 PROOEMIVM

121 939 253 978 Prima
282 939 377 976 haec
397 935 595 975 Historiae
615 934 897 973 ecclesiasticae
918 947 1012 984 epo-

66 994 141 1031 cha
155 1022 165 1039 ,
183 1002 300 1041 quam
329 1002 416 1028 cum
437 993 562 1027 morte
583 1000 612 1027 s.
635 988 809 1034 Ioannis,
831 989 897 1037 qui
917 990 1016 1038 Apo-

65 1046 176 1084 stolis
195 1044 371 1082 omnibus
387 1045 584 1092 superstes
601 1042 688 1088 fuit,
705 1042 936 1088 claudimus,
953 1054 1014 1079 no-

64 1100 122 1137 bis
150 1098 252 1137 sistit
272 1098 399 1135 Iesum
420 1096 615 1134 Christum
638 1096 814 1133 omnibus
835 1095 1013 1144 promissi

65 1156 105 1191 et
123 1151 310 1202 praedicti
328 1150 506 1196 Messiae,
527 1149 704 1187 coelestis
723 1149 844 1198 legati
864 1152 904 1187 et
923 1149 1016 1187 divi-

65 1206 104 1244 ni
131 1205 301 1243 doctoris
331 1203 623 1242 characteribus
652 1203 895 1251 praeditum;
931 1203 1014 1240 eius

65 1259 169 1297 inter
197 1258 372 1296 homines
400 1261 511 1302 acta,
532 1256 748 1293 revelatam
769 1256 816 1293 ab
836 1268 881 1293 eo
901 1256 1014 1293 Reli-

65 1312 219 1362 gionem
252 1315 292 1349 et
323 1310 544 1348 institutam
583 1309 810 1347 Ecclesiam.
845 1309 1016 1347 Exhibet

64 1365 204 1403 deinde
215 1363 492 1414 Apostolorum
508 1374 721 1411 eorumque
738 1362 1014 1412 discipulorum

65 1421 105 1456 et
133 1419 346 1467 primorum
367 1428 635 1455 successorum
655 1416 900 1463 missionem3
921 1428 1013 1465 pro-

65 1475 250 1522 pagatum
265 1471 313 1508 ab
333 1471 380 1508 iis
400 1470 504 1507 inter
524 1470 700 1507 diversas
721 1472 857 1519 gentes
877 1470 1012 1507 Evan-

65 1525 232 1574 gelium3
261 1523 448 1562 formatas
480 1522 668 1561 ecclesias
697 1526 736 1560 et
763 1523 1012 1561 constitutam

65 1577 319 1626 disciplinam.
339 1577 463 1614 Docet
483 1577 563 1626 pios
583 1576 798 1624 primorum
821 1577 1012 1615 Christia-

65 1642 203 1668 norum
231 1642 370 1668 mores.
400 1629 540 1667 Refert
567 1630 856 1678 persecutiones
882 1633 921 1668 et
941 1631 1013 1668 ob-

64 1684 236 1730 stacula,
257 1695 356 1731 quae
383 1682 559 1732 Apostoli
587 1685 626 1719 et
645 1683 868 1729 Christiani,
886 1687 971 1720 tum
991 1696 1014 1721 a

67 1736 222 1774 Iudaeis
241 1739 327 1774 tum
348 1737 395 1773 ab
415 1736 581 1774 ethnicis
594 1765 603 1781 ‚
623 1736 793 1774 maxime
812 1736 1012 1786 imperan-

68 1789 172 1827 tibus
201 1789 356 1827 Nerone
385 1791 424 1826 et
452 1789 693 1836 Domitiano,
723 1790 874 1838 experti
909 1792 1012 1828 sunt.

66 1843 176 1885 Quae
196 1843 355 1890 quidem
375 1842 665 1891 persecutiones
685 1846 724 1880 et
743 1843 944 1881 obstacula
957 1845 1013 1880 ta-

65 1895 118 1932 lia
145 1895 335 1941 fuerunt,
366 1898 409 1933 ut
436 1895 612 1933 Ecclesia
642 1908 716 1933 non
745 1898 900 1933 tantum
937 1908 1012 1933 non

66 1951 291 1998 propagata,
311 1949 378 1986 sed
397 1949 435 1985 in
456 1948 548 1997 ipsis
568 1949 650 1986 suis
670 1949 892 1998 primordiis
912 1949 1013 1986 exci-

65 2013 107 2039 sa
127 2001 276 2047 fuisset,
297 2002 370 2039 nisi
389 2001 698 2050 potentissimam
719 2014 830 2051 opem
859 2001 1012 2040 tulisset

66 2054 111 2101 is,
132 2055 198 2104 qui
218 2067 258 2093 se
276 2055 310 2092 ei
327 2067 449 2103 usque
466 2056 512 2092 ad
535 2055 904 2093 consummationem
920 2059 1014 2093 tem-

66 2107 168 2156 poris
187 2108 414 2146 adfuturum
435 2109 651 2157 spopondit.
669 2109 814 2158 Reipsa
829 2109 923 2146 dum
940 2110 1013 2147 Re-

65 2160 217 2210 ligionis
227 2161 461 2200 christianae
474 2162 702 2211 propagatio
714 2162 1011 2200 conferturcum

65 2214 294 2261 obstaculis,
314 2227 413 2264 quae
441 2216 661 2264 superanda
690 2218 823 2262 erant,
843 2216 1010 2253 manife-

65 2270 169 2304 stum
195 2267 261 2314 fit,
281 2279 366 2306 eam
395 2280 470 2305 non
491 2269 539 2306 ad
560 2269 771 2307 humanam
800 2269 1009 2307 efficaciam

66 2320 203 2358 referri
232 2333 364 2370 posse,
383 2322 451 2359 sed
479 2316 634 2360 divinae
664 2323 805 2360 virtuti
834 2334 918 2360 esse
938 2323 1010 2361 ad-

67 2373 318 2412 scribendam.

123 2425 156 2463 l.
176 2427 270 2464 Iesu
293 2428 449 2466 Christi
467 2430 663 2467 nativitas
679 2429 764 2480 (an.
790 2428 1010 2479 l)—Quum

68 2478 147 2515 iam
175 2479 339 2518 instaret
366 2484 522 2531 tempus
538 2511 548 2528 ,
567 2495 642 2532 quo
672 2483 886 2521 secundum
906 2484 1009 2520 Pro-

67 2531 271 2580 phetarum
292 2534 479 2572 vaticinia
499 2537 741 2585 Redemptor
760 2539 953 2573 venturus
969 2549 1008 2574 e-

67 2588 130 2621 rat
142 2583 167 2631 ¹,
184 2585 323 2624 missus
343 2590 403 2624 est
417 2589 579 2638 angelus
595 2590 753 2627 Gabriel
774 2590 822 2627 ad
842 2589 1009 2626 Mariam

66 2637 280 2687 virginem,
310 2651 331 2676 e
359 2651 500 2688 genere
530 2642 712 2689 Davidis,
740 2643 939 2680 Nazareth
967 2643 1008 2680 in

65 2690 242 2728 Galilaea
262 2692 498 2731 habitantem
510 2697 549 2732 et
560 2697 829 2745 desponsatam
846 2696 1008 2745 Iosepho

65 2755 111 2781 ex
133 2745 269 2782 eodem
289 2757 452 2794 genere,
469 2751 511 2785 ut
528 2748 586 2786 illi
603 2749 724 2787 Verbi
745 2749 888 2795 Divini,
910 2750 1009 2787 Mes-

64 2797 156 2843 siae,
175 2799 462 2847 conceptionem
483 2803 743 2840 annuntiaret.
756 2802 882 2840 Maria
902 2802 1006 2839 eius-

64 2851 150 2888 dem
179 2852 305 2901 angeli
337 2853 458 2890 verbo
479 2855 634 2900 edocta,
656 2868 695 2893 se
715 2857 797 2893 sola
817 2855 1006 2893 Altissimi

64 2905 211 2942 virtute
230 2905 355 2943 filium
376 2909 660 2955 concepturam,
675 2909 888 2958 respondit:
906 2909 1008 2946 Ecce

64 2959 220 2995 ancilla
248 2959 433 3005 Domini,
453 2962 532 3008 fiat
549 2962 652 2998 mihi
668 2963 892 3000 secundum
913 2974 1005 3000 ver-

64 3010 158 3048 bum
176 3017 304 3049 tuum.
323 3013 468 3050 Eodem
487 3017 678 3052 momento
705 3016 892 3061 Verbum,
906 3016 1006 3064 quod

65 3070 155 3102 erat
173 3065 287 3114 apud
306 3066 450 3111 Deum,
473 3067 574 3115 quod
597 3073 690 3105 erat
703 3068 824 3114 Deus,
841 3069 879 3106 in
897 3071 1006 3106 utero

67 3117 217 3155 Mariae
238 3118 412 3169 Virginis
433 3120 579 3158 virtute
603 3121 772 3170 Spiritus
791 3122 925 3160 Sancti
946 3133 1009 3159 ca-

106 3237 115 3258 ¹
135 3235 251 3269 Genes.
267 3237 363 3274 xmx,
380 3236 433 3275 ⁴10;
450 3237 564 3269 Daniel.
581 3238 628 3276 lx,
643 3236 691 3268 21.

219 3288 456 3331 wouruns
485 3290 521 3338 Ι,

1055 841 1101 866 ro
1127 831 1289 878 sactum
1317 834 1377 866 est
1392 826 1416 866 ¹.
1438 829 1534 867 Post
1553 829 1711 879 aliquod
1731 831 1886 880 tempus
1907 831 1998 870 Ma-

1055 882 1113 920 ria
1133 894 1223 920 cum
1242 894 1382 931 sponso
1403 893 1473 919 suo
1493 883 1655 932 Iosepho
1677 883 1853 932 profecta
1873 885 2000 923 Beth·-

1055 936 1156 973 leem
1177 936 1311 982 Iudae,
1341 935 1478 973 urbem
1507 936 1770 984 Palaestinae,
1792 939 1834 974 ut
1861 949 2004 976 secun-

1056 989 1150 1026 dum
1169 989 1342 1027 edictum
1365 989 1544 1027 Caesaris
1563 990 1736 1039 Augusti
1762 1002 1900 1028 census
1919 1003 2005 1041 gra-

1054 1042 1111 1079 tia
1130 1043 1469 1092 consignarentur,
1489 1042 1647 1090 ibidem,
1667 1043 1768 1081 sicut
1792 1044 2002 1091 praedixe-

1055 1097 1119 1133 rat
1146 1095 1346 1134 Michaeas
1376 1095 1614 1145 propheta²‚
1646 1096 1855 1143 Messiam,
1876 1098 2003 1135 Iesum

1056 1149 1272 1196 Christum,
1291 1150 1418 1186 Deum
1438 1151 1477 1187 et
1495 1149 1709 1196 hominem,
1729 1150 1846 1187 salva
1866 1152 1999 1199 vz'ryz'-

1057 1203 1201 1248 nitate,
1219 1205 1262 1240 ut
1277 1203 1332 1241 ait
1346 1214 1374 1240 s.
1393 1203 1484 1249 Le0,
1500 1203 1642 1249 edidit,
1659 1203 2004 1252 quemadmodum

1055 1256 1172 1293 salva
1204 1257 1452 1305 viryz'nitate
1476 1257 1666 1306 concepit
1682 1254 1708 1294 ³.
1729 1257 2004 1295 Annuntiave-

1055 1311 1147 1346 runt
1172 1310 1303 1359 angeli
1332 1309 1580 1348 nativitatem
1601 1309 1817 1347 Salvatoris
1836 1311 2004 1359 pastori-

1056 1363 1150 1408 bus,
1179 1375 1320 1413 greges
1354 1374 1445 1401 suos
1486 1375 1605 1412 prope
1639 1363 1840 1401 Bethleem
1870 1365 2001 1402 custo-

1056 1416 1270 1462 dientibus,
1289 1417 1353 1466 qui
1384 1418 1476 1454 nato
1506 1416 1671 1454 Domino
1701 1416 1857 1466 pietatis
1886 1418 2001 1455 obse-

1056 1470 1191 1518 quium
1209 1470 1445 1508 obtulerunt.
1468 1470 1660 1519 Apparuit
1679 1469 1795 1508 stella
1813 1470 1852 1507 in
1873 1470 2010 1508 Orien-

1055 1525 1106 1569 te,
1127 1534 1205 1571 qua
1226 1524 1324 1561 duce
1345 1523 1451 1573 Magi
1480 1523 1807 1573 Hierosolymam,
1826 1524 1916 1561 inde
1935 1525 2006 1562 Be-

1054 1576 1201 1613 thleem
1230 1580 1446 1625 venerunt,
1469 1579 1511 1614 ut
1539 1588 1678 1615 recens
1711 1578 1804 1614 nato
1836 1577 2003 1616 Messiae

1055 1631 1216 1668 munera
1236 1630 1398 1678 ferrent,
1417 1642 1587 1679 eumque
1607 1631 1816 1668 adorarent
1831 1629 1859 1669 ⁴.

1106 1683 1185 1721 Vix
1205 1687 1339 1721 natum
1355 1686 1394 1722 et
1409 1684 1622 1722 secundum
1642 1684 1771 1733 legem
1787 1683 1999 1722 Mosaicam

1055 1735 1326 1775 circumcisum
1356 1740 1472 1786 atque
1491 1737 1530 1774 in
1550 1737 1696 1786 templo
1715 1737 2000 1786 Hierosolymi-

1053 1792 1147 1827 tano
1177 1791 1255 1828 Deo
1284 1791 1457 1829 oblatum
1485 1790 1669 1828 Messiam
1689 1790 1847 1828 invidus
1867 1791 1996 1829 Hero-

1054 1843 1140 1889 des,
1159 1855 1231 1881 rex
1252 1844 1485 1882 Iudaeorum
1499 1873 1508 1890 ,
1531 1844 1754 1881 interimere
1783 1844 1999 1883 constituit.

1054 1896 1097 1933 In
1118 1897 1223 1934 hunc
1252 1897 1369 1935 finem
1398 1908 1531 1935 omnes
1561 1896 1745 1946 puerulos
1772 1897 2002 1935 Bethleemi-

1052 1949 1161 1996 ticos,
1178 1950 1347 1988 alterum
1364 1951 1507 1989 aetatis
1522 1962 1670 1988 annum
1687 1950 1855 1988 nondum
1873 1962 1998 2000 egres-

1052 2014 1128 2049 sos,
1148 2003 1271 2041 occidi
1287 2003 1411 2043 iussit.
1428 2004 1503 2042 Sed
1522 2004 1657 2053 Ioseph
1674 2004 1721 2041 ab
1738 2003 1877 2052 angelo
1893 2016 2000 2053 prae-

1052 2056 1221 2095 monitus
1234 2087 1243 2104 ,
1263 2069 1429 2106 puerum
1460 2059 1586 2096 Iesum
1616 2068 1706 2094 cum
1725 2056 1854 2095 Maria
1873 2060 2001 2095 matre

1050 2110 1132 2147 eius
1167 2111 1337 2149 duxerat
1364 2111 1403 2148 in
1431 2111 1670 2160 AEgyptum.
1707 2111 1882 2148 Herodes
1922 2123 1996 2149 non

1051 2163 1174 2201 multo
1193 2167 1280 2213 post
1298 2167 1402 2202 tetro
1423 2166 1556 2202 morbo
1575 2163 1772 2202 extinctus
1792 2166 1862 2202 est.
1885 2164 1997 2202 Tunc

1050 2217 1187 2266 Ioseph
1216 2229 1304 2255 cum
1332 2218 1457 2256 Maria
1486 2218 1645 2266 eiusque
1670 2217 1749 2255 filio
1769 2217 1938 2255 reditum
1960 2217 2000 2255 in

1051 2271 1218 2319 patriam
1247 2271 1424 2321 paravit3
1452 2271 1617 2309 territus
1645 2282 1738 2308 vero
1767 2271 1999 2309 crudelitate

1051 2324 1247 2372 Archelai,
1267 2325 1333 2374 qui
1354 2327 1438 2374 post
1458 2324 1654 2363 Herodem
1674 2324 1855 2373 regnavit
1874 2325 1915 2362 in
1937 2325 1998 2362 Iu-

1052 2378 1161 2423 daea,
1182 2378 1258 2415 iter
1277 2378 1391 2416 flexit
1410 2379 1448 2415 in
1470 2378 1698 2423 Galilaeam,
1719 2377 1864 2415 Herodi
1884 2377 1994 2415 Anti-

1051 2443 1122 2479 pae
1142 2431 1349 2478 subditam,
1370 2432 1535 2481 fixitque
1555 2431 1795 2469 domicilium
1815 2430 1991 2469 Nazare-

1051 2484 1122 2531 thi3
1142 2485 1243 2522 unde
1263 2486 1476 2523 secundum
1495 2485 1765 2534 propheticum
1781 2495 1997 2522 sermonem

1051 2537 1157 2576 lesus
1177 2542 1340 2577 vocatus
1359 2538 1435 2576 fuit
1453 2538 1680 2577 Nazaraeus
1689 2537 1714 2576 ⁵.

1103 2591 1210 2629 Iesus
1238 2604 1339 2630 anno
1362 2593 1504 2630 aetatis
1524 2604 1616 2630 suae
1636 2590 1861 2629 duodecimo
1882 2602 1905 2628 a
1924 2602 1996 2640 pa-

1089 2698 1101 2719 1
1118 2699 1222 2731 Matth.
1239 2699 1260 2738 Ι,
1278 2697 1389 2736 18-0253
1406 2698 1476 2729 Luc.
1493 2698 1514 2736 1,
1530 2696 1640 2736 26-383
1656 2697 1738 2728 Ioan.
1754 2696 1778 2735 Ι,
1796 2695 1878 2727 1-14.

1088 2739 1103 2761 ‘2
1119 2741 1151 2778 V,
1167 2740 1194 2770 ⁶2.

1088 2782 1101 2803 ³
1118 2782 1229 2822 Epist.
1247 2782 1293 2813 ad
1308 2780 1528 2812 Flavianum.
1552 2780 1700 2811 Nativitas
1724 2780 1791 2810 lesu
1817 2779 1937 2818 Christi,
1954 2783 1998 2811 te-

1048 2825 1093 2854 ste
1116 2833 1139 2854 s.
1163 2824 1321 2863 Scriptura
1344 2822 1459 2863 (Matth.
1484 2823 1518 2860 11,
1543 2822 1614 2853 Luc.
1639 2821 1685 2858 ΙΙ),
1708 2821 1814 2852 incidit
1830 2822 1859 2852 in
1875 2824 1997 2861 tempus

1051 2866 1180 2905 Augusti
1204 2865 1401 2905 imperatoris
1426 2865 1633 2894 Romanorum
1657 2867 1686 2894 ct
1708 2863 1835 2893 Herodis
1858 2864 1893 2894 M.
1910 2864 1996 2903 regis

1049 2907 1240 2937 Iudaeorum.
1264 2907 1306 2937 De
1329 2914 1410 2936 anno
1427 2908 1540 2942 autem,
1559 2913 1619 2943 quo
1637 2904 1774 2935 Christus
1789 2908 1879 2935 natus
1896 2908 1952 2943 est,
1967 2907 1997 2936 et

1050 2952 1167 2979 veteres
1185 2951 1214 2978 et
1230 2946 1421 2979 recentiores
1438 2947 1517 2976 inter
1529 2954 1562 2976 sc
1576 2946 1767 2977 dissentiunt.
1782 2947 1854 2977 Cum
1870 2947 1899 2976 L.
1913 2946 1996 2976 Berti

1048 2989 1151 3026 (Hisc.
1176 2990 1248 3020 eccl.
1280 2989 1353 3019 diss.
1380 2988 1446 3025 lv),
1470 2987 1568 3017 Natali
1595 2987 1767 3018 Alexandro
1792 2987 1896 3027 (Hist.
1921 2988 1995 3018 eccl.

1047 3040 1127 3062 saec.
1145 3032 1165 3069 l,
1182 3031 1255 3061 diss.
1273 3029 1312 3068 ΕΞ),
1330 3029 1458 3068 aliisque
1476 3028 1753 3068 praestantissimis
1767 3029 1838 3059 viris
1852 3028 1993 3066 dicimus,

1048 3073 1199 3103 Christum
1223 3081 1290 3102 esse
1313 3074 1418 3102 natum
1434 3079 1515 3101 anuo
1532 3071 1646 3101 Romae
1663 3070 1806 3101 conditae
1824 3069 1996 3108 749‚1ulia-

1047 3123 1086 3144 no
1101 3113 1152 3151 41,
1168 3113 1286 3152 imperii
1304 3112 1432 3153 Augusti
1448 3111 1505 3149 40,
1523 3115 1592 3143 ante
1608 3121 1713 3143 acram
1728 3112 1890 3153 vulgarem
1906 3111 1925 3142 5
1941 3112 1994 3143 de-

1048 3156 1184 3192 sinente,
1207 3154 1309 3185 mundi
1326 3153 1421 3185 creati
1438 3152 1528 3185 4000.

1091 3196 1104 3218 4
1120 3196 1222 3227 Matth.
1239 3196 1273 3225 11.

1089 3238 1102 3260 5
1119 3237 1222 3268 Matth.
1239 3237 1272 3267 11.
