2241 3473
224 121 305 162 418

167 217 350 243 versurus
383 207 605 243 reiicientes
622 218 630 249 ς
649 206 909 243 Patriarchae
935 218 1030 243 vero
1050 218 1115 243 au-

170 261 393 296 ctoritatem
412 258 798 307 iurisdictionemque
815 260 973 295 omnino
992 264 1033 296 et
1051 260 1115 296 ab·

167 314 294 350 solute
322 312 589 359 repudiantes,
613 314 650 348 ei
669 313 707 347 in
733 324 844 348 suam
872 313 1115 349 nationalem

167 366 388 403 Ecclesiam
422 365 687 412 princ1patum
715 366 951 402 abnuebant.
979 367 1115 403 Seces-

167 421 275 456 sione
302 430 326 455 a
351 419 587 454 Patriarcha
621 423 660 455 et
690 419 738 455 ab
757 419 949 463 omnibus,
975 421 1039 467 qui
1067 419 1117 456 ei-

168 473 254 509 dem
282 472 554 515 subiiciuntur,
583 477 720 520 aperte
754 473 970 516 declarata,
1005 485 1115 509 suam

167 526 320 563 aedium
351 537 558 562 sacrarum
577 555 585 570 ,
613 527 818 571 bonorum,
851 527 1115 574 praediorum,

166 581 412 627 nationisque
440 579 635 616 redituum
655 585 809 627 partem
837 581 1005 617 rebelles
1034 582 1115 617 vin-

166 634 361 676 dicarunt,
382 645 428 669 eo
448 634 627 678 consilio,
645 639 687 670 ut
704 635 926 671 seiunctam
945 647 1118 671 commu-

166 689 331 724 nitatem
365 689 677 731 constituerent,
713 689 745 725 si
779 689 964 725 Romana
995 689 1117 727 Sedes

166 753 304 778 eorum
332 742 544 789 petitiones
572 748 791 789 respueret.

215 796 275 832 Ex
302 807 375 842 quo
394 796 456 832 die
478 795 717 843 praedictam
737 797 1048 834 declarationem
1069 798 1117 834 ad

166 850 401 886 Pontificem
429 850 635 893 miserunt,
664 851 890 888 rebellionis
917 853 1117 899 coriphaei

163 904 282 940 animi
297 903 481 940 ardorem
499 904 727 952 rabiemque
747 906 1010 942 sectariorum
1031 919 1118 953 pro-

163 958 289 1005 priam
319 958 592 994 ostenderunt.
614 959 786 1005 Ingentis
805 960 998 1007 pecuniae
1016 973 1117 997 sum—

162 1023 228 1048 ma
265 1012 390 1058 potiti,
425 1011 461 1047 in
498 1012 725 1058 provinciis,
753 1013 792 1049 in
819 1014 904 1061 ipsa
931 1015 1027 1051 Asia
1046 1016 1118 1051 Mi-

163 1077 280 1109 nore,
310 1065 543 1113 ubicumque
575 1077 765 1102 armenae
813 1070 1119 1106 communitates

164 1123 304 1160 erant.
331 1119 587 1155 rebellionem
615 1120 892 1166 largitionibus
918 1122 1117 1166 foverunt,

163 1172 303 1208 civium
323 1173 473 1209 animos
489 1177 629 1209 contra
654 1173 795 1210 Sedem
823 1175 1045 1212 Romanam
1079 1183 1118 1213 et

163 1238 234 1273 pro
252 1231 427 1269 motu,ut
447 1227 714 1274 appellabant,
731 1228 923 1265 nationali
940 1231 1116 1266 excitan-

162 1280 224 1316 do.
254 1281 473 1317 Occasione
493 1285 623 1327 capta,
644 1281 743 1328 quod
761 1282 946 1331 Episcopi
974 1284 1022 1320 ad
1041 1285 1116 1321 Va—

163 1335 337 1372 ticanum
376 1335 594 1372 Concilium
633 1347 675 1372 se
711 1337 993 1383 contulerant,
1026 1351 1115 1376 neo-

163 1390 404 1425 schismatici
430 1389 603 1426 secundo
632 1400 656 1425 a
682 1391 873 1428 concione
894 1392 1024 1431 Perae
1051 1394 1116 1431 ha-

162 1445 242 1482 bita
267 1446 350 1490 die,
368 1447 470 1483 HALi
490 1446 626 1483 turcici
647 1448 838 1494 praefecti
859 1448 1037 1495 (Bascia‘)
1057 1463 1118 1489 as·

161 1501 427 1545 sensu,divina
438 1501 566 1537 officia
576 1501 842 1546 celebrabant,
855 1503 1006 1541 Summi
1018 1506 1117 1543 Pon-

162 1556 277 1592 tificis
303 1557 751 1594 excommunicationem
771 1557 883 1594 nihili
910 1559 1116 1607 facientes,

161 1611 821 1648 Armenos-ccatholicos-orientales
848 1624 890 1649 se
918 1626 1118 1664 nuncupa-

161 1670 264 1709 runt,
284 1677 357 1702 nec
382 1666 449 1702 ulli
469 1666 673 1703 Ecclesiae
693 1678 734 1703 se
755 1666 1032 1714 adiunxerunt;
1050 1672 1118 1708 sed

161 1720 404 1757 Gubernium
438 1722 627 1768 templum
647 1722 686 1758 S.
716 1721 823 1757 Ioan.
845 1722 1117 1772 Clirysostomi

161 1773 426 1821 ipsisinterim
439 1775 1116 1824 Constantinopoliconcessit.Dum

161 1839 301 1865 sacrae
316 1829 502 1877 liturgiae
522 1830 595 1877 ipsi
613 1830 821 1874 vacabant,
841 1832 1119 1879 patriarchalis

162 1882 347 1919 Vicarius
365 1884 664 1931 suspensionem
693 1889 732 1921 et
748 1885 940 1921 maiorem
961 1898 1117 1924 excom-

161 1936 466 1973 municationem
479 1937 515 1972 in
528 1941 679 1985 septem
690 1939 919 1976 sacerdotes
934 1940 981 1976 ibi
994 1943 1120 1978 saeris

161 1989 1118 2041 fungentesinflictamEcclesiaeforibusaffigere

164 2043 330 2080 curavit.
343 2044 501 2080 Interea
515 2045 738 2082 Cardinalis
748 2047 786 2082 S.
797 2047 841 2084 C.
854 2058 877 2083 a
895 2048 1118 2086 Christiano

163 2097 319 2134 nomine
348 2099 602 2146 propagando
622 2099 853 2136 Praefectus
879 2105 919 2137 et
943 2102 1119 2141 Antistes

164 2151 337 2195 Hassun,
362 2152 599 2188 Patriarelia
632 2164 820 2190 armenus
845 2155 1007 2192 Ciliciae
1027 2185 1035 2200 ,
1067 2158 1118 2193 bi-

160 2206 221 2242 nis
238 2206 381 2242 litteris
399 2207 524 2251 (notis)
544 2207 815 2244 dissidentium
831 2209 1118 2256 appellationes

163 2272 187 2297 a
206 2260 397 2298 Pontifice
416 2262 588 2298 reiectas
606 2274 692 2299 esse
708 2264 1047 2312 Constantinopoli
1069 2268 1117 2302 si-

163 2318 418 2367 gnificabant.
429 2318 605 2354 Antistes
617 2329 712 2354 vero
727 2317 883 2367 Pluym,
896 2319 944 2354 ad
955 2321 1118 2359 Archie-

164 2375 407 2422 piscopatum
425 2385 448 2410 a
464 2374 503 2410 S.
530 2372 630 2409 Sede
656 2372 846 2419 Tliyanae
863 2372 887 2407 ι’.
905 2385 947 2421 ρ.
972 2373 1116 2412 i.dein-

164 2429 210 2465 de
232 2432 447 2476 promotus,
467 2426 822 2474 Costantinopolim
843 2428 1117 2474 proficisceba-

165 2486 244 2527 tur,
263 2482 493 2531 opportunis
529 2481 700 2518 consiliis
727 2482 960 2525 instructus,
987 2489 1028 2519 ut
1047 2483 1118 2520 Pa-

167 2537 365 2574 triarchae
399 2536 679 2573 auctoritatem
713 2539 902 2572 tueretur.
939 2536 1031 2573 Pius
1064 2538 1117 2574 IX

166 2590 284 2628 Brevi
299 2591 393 2627 Non
407 2591 489 2627 sinc
507 2589 826 2639 9rcwissimmdie
842 2590 888 2626 24
907 2590 1117 2636 sebr.1870‚

167 2645 214 2681 ad
243 2646 487 2693 praedictum
507 2645 751 2688 Antistitem,
777 2655 889 2680 suum
911 2645 1117 2692 Legatum,

167 2700 433 2738 dissidentium
455 2701 652 2750 querelas,
672 2698 879 2736 violentias
897 2709 943 2734 ac
958 2710 1117 2746 usurpa-

167 2755 291 2792 tiones
319 2767 536 2804 exponens,
556 2754 783 2802 Apostolico
805 2752 1118 2789 administratori

165 2810 409 2858 imperabat,
446 2822 494 2847 ne
536 2809 880 2858 praetermitteret
922 2808 1119 2842 Armenes

167 2877 381 2913 omnesque
397 2866 626 2902 Orientales
641 2863 826 2901 edocere.
841 2866 1028 2910 quantum
1045 2860 1116 2896 dis-

168 2920 343 2956 criminis
374 2919 619 2967 disciplinam
647 2919 751 2954 inter
779 2922 819 2953 et
855 2917 970 2951 ritum
1000 2915 1119 2950 inter-

168 2973 296 3017 cedat,
324 2975 432 3011 cuius
452 2974 654 3021 utriusque
676 2972 730 3009 rei
751 2971 928 3008 confusio
959 2969 1112 3005 illorum

168 3028 336 3065 fidelium
367 3033 537 3065 mentem
567 3028 785 3075 perturbat,
816 3025 992 3074 pluribus
1021 3023 1113 3059 iniu-

167 3082 312 3129 stisquc
340 3083 619 3131 quaerimoniis
647 3081 898 3117 occasionem
922 3077 1112 3126 praebere

170 3143 526 3185 noncessat,caquc
544 3135 711 3172 maxime
729 3134 941 3170 abutuntur
957 3132 1005 3168 ad
1025 3142 1115 3168 con-

170 3190 339 3226 flandam
375 3200 514 3227 contra
543 3189 814 3237 Apostolicam
851 3187 993 3224 Sedcm
1020 3186 1114 3222 invi-

173 3242 275 3279 diam
305 3245 326 3279 ii
355 3256 502 3287 omnes,
521 3245 582 3292 qui
609 3244 823 3280 salutarem
853 3241 1027 3278 eiusdem
1047 3241 1113 3278 Se-

511 133 678 161 EPOCHA
699 129 786 160 XIII.
809 134 837 160 A
858 132 1041 161 PVBLICA
1062 134 1210 161 RERVM
1232 134 1275 161 IN
1295 133 1468 162 GALLIIS
1488 134 1776 164 SVBVERSIONE

1169 207 1227 244 dis
1243 208 1440 244 actionem
1457 213 1498 244 et
1513 208 1593 243 vim
1608 208 1647 243 in
1666 207 1891 246 Orientales
1918 210 2120 258 Ecclesias

1169 261 1359 308 impedire
1378 266 1444 298 aut
1463 261 1698 297 imminuere
1723 262 1883 299 minime
1909 269 2114 300 verentur.

1170 314 1359 361 Equidem
1379 315 1462 350 RR.
1486 314 1697 351 Pontifices
1715 315 1872 361 saepius
1891 317 2120 354 Orientales

1171 368 1267 403 ritus
1289 369 1505 404 servandos
1539 380 1626 404 esse
1653 368 1933 414 declararunt,
1968 371 2122 419 quoties

1168 420 1257 456 fidei
1285 425 1324 457 et
1341 421 1503 457 unitatis
1530 421 1748 458 catholicae
1776 433 1852 458 non
1879 422 2119 471 derogarent

1168 473 1381 510 honestati.
1402 475 1478 511 Sed
1496 475 1706 511 dolendum
1725 479 1786 511 est
1804 476 2002 513 beneficae
2019 478 2122 514 Pon-

1171 527 1278 562 tifieii
1295 528 1435 574 legatis
1454 539 1599 575 operae
1619 540 1752 565 moras
1777 534 1816 565 et
1842 529 2048 567 obstacula
2070 531 2121 568 ibi

1170 582 1350 627 opposita
1364 582 1607 626 fuisse,unde
1623 583 1750 618 minus
1765 583 1979 619 timendum
1999 589 2117 622 esset.

1170 635 1384 671 Antoniani
1414 648 1564 684 quoque
1592 636 1772 672 monachi
1803 636 1960 672 illarum
1995 641 2122 675 trans·

1170 690 1419 735 gressionum
1451 691 1664 737 participes
1696 694 1918 727 evaserunt.
1956 691 2089 732 Quare
2112 721 2121 736 ,

1169 746 1210 777 ut
1228 743 1519 789 quaestionibus
1536 743 1670 786 etiam,
1689 743 1827 791 quibus
1843 743 2120 782 Patriarcham

1171 795 1388 832 Armenum
1403 797 1590 833 continuo
1602 797 1675 844 ipsi
1690 797 1870 833 molestia
1879 797 2118 843 afficiebant,

1169 850 1257 886 finis
1283 851 1571 898 imponeretur,
1589 851 1816 899 Apostolica
1842 851 2024 888 Visitatio
2043 864 2123 888 mo-

1171 904 1321 940 nastico
1348 905 1403 940 illi
1429 905 1568 941 Ordini
1594 905 1779 952 imposita
1805 910 1880 949 est,
1909 917 1985 954 qua
2011 906 2050 942 in
2085 918 2124 944 e-

1172 958 1320 994 iusdem
1357 959 1514 1005 regulas
1548 959 1740 1006 speciales
1766 959 2040 996 innovationes
2067 961 2124 997 in—

1171 1012 1425 1047 ducerentur.
1445 1012 1506 1047 Ad
1526 1012 1562 1047 id
1580 1012 1864 1058 perficiendum
1891 1013 2041 1050 electus
2064 1018 2126 1051 est

1169 1065 1274 1102 idem
1290 1066 1468 1102 Antistes
1484 1066 1637 1114 Pluym,
1658 1066 1778 1102 Brevi
1804 1067 2029 1114 Apostolico
2051 1067 2125 1103 Rc-

1171 1119 1337 1166 liytoscoe
1357 1120 1604 1166 regularium
1626 1118 1820 1155 Ordinam
1831 1118 2024 1167 familias
2043 1149 2051 1165 ,
2077 1131 2125 1158 ac

1171 1173 1350 1209 Antistes
1370 1173 1574 1209 Placidum
1595 1173 1842 1220 Kasangian,
1869 1174 1931 1221 qui
1960 1174 2124 1211 arbitra-

1173 1228 1228 1263 rie
1249 1238 1272 1263 a
1291 1227 1635 1263 monaehisAbbas
1651 1231 1866 1275 perpetuus
1885 1229 2125 1272 nominatus,

1171 1286 1212 1318 et
1231 1281 1425 1318 eiusmodi
1444 1281 1614 1318 officium
1649 1294 1698 1318 ex
1732 1282 1977 1329 indulgentia
2011 1283 2123 1320 SSmi

1172 1340 1211 1372 et
1229 1335 1277 1373 ad
1300 1340 1436 1373 nutum
1454 1337 1495 1373 S.
1513 1337 1626 1373 Sedis
1645 1338 1834 1382 retinens,
1852 1337 2005 1374 Romae
2024 1338 2126 1376 Con-

1172 1392 1261 1428 cilio
1294 1392 1491 1429 Vaticano
1525 1392 1678 1438 aderat,
1711 1394 1838 1430 iussus
1869 1398 1929 1430 est
1958 1393 2123 1429 Abbatis

1171 1448 1372 1495 generalis
1407 1459 1572 1484 munere
1608 1448 1816 1484 confestim
1843 1448 2016 1497 defungi.
2046 1445 2124 1485 Sed

1171 1503 1259 1539 huic
1286 1503 1539 1550 Apostolicae
1565 1503 1817 1540 Visitationis
1851 1504 2123 1553 providentiae

1173 1557 1357 1593 monachi
1383 1557 1599 1594 Antoniani
1620 1558 1775 1595 armeni
1794 1563 1834 1596 et
1851 1559 2126 1596 Constantino-

1172 1612 1271 1659 polis
1289 1612 1490 1649 etRomae
1504 1613 1726 1650 formaliter
1742 1613 1979 1650 obstiterunt
1993 1613 2125 1649 ¹.Pon-

1173 1667 1281 1710 tifex,
1313 1667 1537 1703 admirabili
1564 1668 1867 1714 longanimitate
1885 1673 2014 1712 utens,
2035 1669 2127 1707 dum

1172 1722 1430 1769 Kasangiano
1449 1733 1496 1758 ac
1517 1722 1560 1756 P.
1581 1722 1830 1759 Hanemiano
1848 1723 1992 1759 Abbati
2011 1724 2127 1761 locali

1172 1779 1385 1824 praecepto
1414 1775 1640 1820 mandabat,
1660 1781 1702 1813 ut
1722 1777 1757 1812 in
1779 1777 1950 1826 aliquam
1971 1778 2124 1817 Romae

1171 1830 1401 1878 religiosam
1419 1831 1577 1867 domurn
1598 1831 1843 1876 secedentes,
1867 1832 1947 1869 suis
1975 1834 2123 1870 anima-

1173 1885 1242 1921 bus
1256 1885 1651 1928 consulerent,altero
1672 1886 1794 1922 Brevi
1810 1886 2037 1923 Antistitem
2049 1888 2126 1924 Va·

1172 1939 1346 1982 lentiam,
1368 1939 1607 1975 Fabrianen.
1630 1944 1669 1976 et
1688 1940 1943 1977 Mathelicen.
1964 1941 2126 1988 Episco-

1173 2004 1277 2039 pum,
1292 1993 1625 2031 Convisitatorem
1642 1994 1808 2038 creavit,
1822 1999 1865 2031 ut
1883 2006 2021 2031 omnes
2037 2007 2129 2043 per-

1171 2047 1364 2083 suasionis
1390 2047 1565 2084 rationes
1595 2047 1813 2092 adhiberet,
1841 2048 1979 2096 quibus
2005 2050 2126 2086 Anto-

1172 2100 1309 2136 nianos
1324 2101 1477 2137 Romae
1491 2101 1539 2137 ad
1555 2101 1812 2138 obediendum
1828 2102 2127 2139 flecteret-Fru-

1171 2158 1267 2199 stra;
1280 2156 1370 2202 quin
1386 2156 1630 2202 Kasangian,
1643 2157 1787 2200 Abbas,
1798 2160 1837 2193 et
1852 2156 2032 2192 monachi
2049 2157 2128 2193 Ro-

1171 2219 1259 2245 mae
1271 2211 1860 2258 morantesConstantinopolim
1877 2210 1925 2247 ad
1940 2210 2127 2247 dissiden-

1171 2263 1266 2299 tium
1296 2275 1503 2300 numerum
1531 2265 1752 2312 augendum
1781 2265 1882 2301 clam
1910 2265 2123 2313 petierunt.

1216 2318 1317 2353 Dum
1351 2317 1449 2354 haec
1483 2319 1634 2355 Romae
1669 2319 1890 2366 agebantur
1912 2348 1921 2363 ,
1948 2319 2127 2356 Antistes

1170 2373 1309 2420 Pluym
1340 2373 1509 2420 Legatus
1527 2374 1779 2421 Apost-olicus
1798 2375 2126 2422 Constantinopo-

1172 2427 1234 2463 lim
1255 2427 1455 2475 appulsus,
1476 2427 1536 2464 dic
1558 2429 1601 2464 14
1619 2429 1750 2464 martii
1769 2440 1833 2465 an.
1862 2429 1954 2467 1870
1978 2428 2125 2477 scripto

1170 2481 1371 2525 evulgavit
1397 2492 1491 2518 suae
1522 2483 1720 2519 missionis
1745 2482 1863 2520 finem
1890 2483 1993 2520 hunc
2022 2494 2124 2526 esse,

1217 2549 1226 2570 1
1254 2552 1387 2593 Propter
1414 2552 1670 2593 persecutiones,
1698 2562 1778 2595 quas
1804 2552 1932 2584 Armeni
1966 2551 2120 2584 catholici

1171 2597 1422 2639 experiebantur
1442 2624 1449 2637 ‚
1484 2599 1674 2639 praesertim
1709 2601 1843 2631 ineunte
1867 2598 2000 2631 saeculo
2022 2597 2122 2636 XVII,

1172 2644 1370 2676 Aliraliaiuus
1397 2645 1471 2676 Atar
1496 2644 1646 2686 Puresigli
1668 2654 1737 2677 curn
1758 2645 1882 2678 dnobus
1908 2644 2064 2677 fratribus
2089 2647 2122 2676 et

1172 2690 1335 2722 sacerdote
1354 2689 1469 2722 Iacobo
1487 2690 1645 2732 Hosepian
1666 2692 1826 2733 patruele,
1845 2692 1900 2735 qui
1927 2695 2039 2734 postea
2058 2690 2122 2722 fuit

1172 2738 1284 2769 Petrus
1312 2736 1354 2773 II,
1375 2737 1561 2768 Patriarclia
1586 2736 1731 2776 Ciliciae,
1759 2747 1792 2770 se
1822 2739 1944 2781 recepit
1969 2738 2001 2769 in
2028 2745 2119 2769 mon-

1173 2787 1232 2814 tem
1263 2783 1428 2820 Libanum,
1458 2782 1522 2820 ulii,
1548 2785 1660 2817 accitis
1686 2783 1851 2827 aliquibus
1876 2785 1985 2822 sociis,
2009 2791 2119 2815 mona·

1172 2830 1303 2861 sterium
1320 2829 1478 2860 sili-aton
1507 2829 1646 2862 dicatum
1673 2831 1849 2869 exstruxit,
1872 2835 1906 2863 ut
1932 2835 2025 2862 vetus
2053 2837 2120 2860 mo-

1172 2876 1294 2908 nastica
1323 2875 1497 2916 disciplina
1525 2875 1562 2907 ml
1590 2881 1724 2908 ruentem
1752 2878 1854 2910 sancti
1881 2876 2012 2908 Antonii
2041 2874 2120 2907 Ere-

1172 2923 1265 2954 mitae
1292 2922 1532 2954 restitueretur.
1550 2922 1722 2956 Beneilicto
1743 2922 1809 2956 XIV
1828 2923 1998 2960 l'ontilice,
2019 2919 2119 2963 aliqui

1173 2968 1315 3000 uiuuaclii
1330 2968 1420 2999 illius
1438 2967 1561 2999 cenoliii
1586 2969 1711 3001 ltoinain
1729 2969 1907 3012 petierunt,
1924 2973 1957 3001 ut
1971 2967 2119 3009 discipli-

1174 3025 1228 3046 nas
1245 3014 1432 3046 Missionuin
1451 3014 2116 3052 e·liscei·eni,etanuo17t3tinonasterium

1173 3061 1212 3092 ilii
1235 3061 1353 3101 pariter
1372 3060 1585 3091 condiderunt
1604 3072 1630 3092 s.
1651 3061 1805 3101 Gregorio
1829 3059 2046 3093 illuminatori
2073 3057 2122 3090 di-

1172 3112 1273 3139 caluin
1292 3131 1298 3140 ,
1326 3106 1408 3148 qniiil
1435 3105 1584 3137 Clemens
1613 3107 1686 3139 Xlll
1715 3107 1914 3150 :iilliiwiliavih
1941 3111 1972 3138 et
1998 3106 2121 3144 Grego-

1173 3156 1238 3184 rius
1268 3151 1330 3183 xt'l
1360 3155 1463 3182 ratuni
1495 3152 1604 3184 lialuiit
1623 3154 1650 3184 in
1680 3154 1746 3196 ipso
1775 3154 1966 3186 novitialum
1993 3157 2021 3184 et
2041 3149 2118 3182 Col-

1174 3199 1308 3239 legium,
1337 3198 1481 3239 quinimo
1510 3199 1671 3231 concessit
1696 3209 1804 3231 rorum
1833 3197 2038 3231 Procuratori
2065 3204 2117 3237 gc-

1173 3245 1275 3277 nerali
1303 3244 1441 3276 officium
1470 3244 1601 3277 lionoris
1628 3245 1659 3277 in
1685 3245 1863 3288 Pontificio
1887 3242 2036 3286 Capella.
