2241 3473
825 147 950 177 VSQVE
979 147 1030 174 AD
1058 147 1182 174 1N1T1A
1213 148 1387 175 LV'I'IIERI

147 214 346 253 sanctione
366 212 518 251 selectis
539 213 633 250 viris
650 213 885 250 discutienda
899 212 1082 249 commis-

147 281 189 306 sa
209 268 376 304 suerunt.
398 267 498 304 Sess.
514 267 587 303 VII
609 267 824 303 cardinales
838 296 846 310 ‚
867 265 931 313 qui
952 265 1084 303 conci-

146 320 292 358 liabulo
323 320 462 356 Pisano
491 320 770 363 adhaeserant,
793 323 876 367 post
892 319 1084 367 supplices

147 385 278 422 preces
301 373 451 409 veniam
469 377 506 410 ct
530 373 731 420 pristinam
761 372 988 419 dignitatem
1019 384 1082 408 re-

148 430 344 474 ceperunt.
375 426 473 462 Sess.
510 426 604 462 VIII
634 426 734 462 lecta
764 425 834 462 fuit
862 425 1084 462 constitutio

148 543 236 568 nam
255 543 337 568 csse
357 532 559 568 mortalem
591 535 625 567 ct
658 531 808 567 unicam
840 530 877 566 in
909 530 1086 568 omnibus

147 585 376 621 hominibus.
407 585 506 621 Sess.
536 584 614 628 IX,
645 583 709 619 111⁰
737 582 821 619 idus
850 582 939 619 maii
973 583 1107 629 1514„

147 642 278 674 actum
299 643 358 673 est
377 638 422 674 de
444 648 593 673 morum
614 640 655 672 et
673 635 801 672 curiae
818 636 1018 672 Romanae
1031 647 1085 672 re-

148 690 388 727 formatione.
419 690 519 727 Sess.
550 689 605 733 X,
637 688 696 725 1v⁰
727 688 812 724 idus
841 688 930 724 maii
964 688 1085 732 1515,

149 743 228 780 Leo
247 743 286 780 X
313 742 627 780 constitutionem
658 740 793 782 edidit,
821 752 897 788 qua
932 741 1085 778 Montes

151 796 304 844 pietatis
338 794 537 844 approbati
571 793 865 841 confirmatiquc
881 823 890 839 ,
924 794 1086 830 confixit

149 849 396 886 anathemate
412 848 472 896 qui
496 847 648 884 illorum
669 857 778 883 usum
800 847 995 893 damnare,
1016 847 1086 883 (le-

148 914 224 950 que
254 912 396 938 usurae
413 900 506 937 vitio
527 899 755 936 insimulare
777 900 979 936 auderent.
1001 900 1085 936 Ve-

148 955 262 991 titum
283 953 343 990 edi
360 953 489 997 libros,
506 953 569 1000 qui
590 952 742 1001 probati
763 965 837 990 non
854 952 1001 990 fuerint
1020 965 1089 1001 per

148 1059 251 1097 tatis.
270 1059 371 1096 Sess.
388 1059 458 1104 XI,
481 1059 592 1103 1516,
610 1058 698 1095 xlv⁰
715 1059 860 1096 calend.
880 1058 1087 1104 ianuarias,

147 1112 273 1150 lectae
286 1111 444 1149 fuerunt
455 1111 749 1149 constitutiones
760 1113 806 1149 de
819 1112 968 1149 ratione
980 1123 1089 1161 prae·
1108 1102 1110 1133 ²

147 1165 300 1203 dicandi
320 1165 492 1202 divinum
513 1165 689 1210 verbum,
707 1166 754 1202 de
774 1165 1007 1202 concordate
1025 1165 1088 1202 in-

149 1223 210 1256 ter
225 1218 438 1256 LeoncmX
450 1221 489 1255 et
500 1218 753 1255 Franciscum
770 1219 800 1264 I,
820 1219 918 1267 quod
940 1218 1085 1255 confir-

1933 140 2006 178 145

1125 216 1272 251 matum
1302 217 1381 261 est,
1410 215 1456 252 de
1480 215 1675 253 sanctione
1705 215 1966 265 pragmatica,
1991 228 2060 265 per

1125 266 1220 304 illud
1242 268 1446 316 abrogata,
1467 269 1513 305 de
1541 269 1729 317 religiosis
1756 269 1963 306 Ordinibus
1989 281 2057 306 eo—

1126 331 1288 368 rumque
1305 321 1530 369 privilegiis.
1544 322 1645 360 Sess.
1663 322 1738 360 XII
1759 325 1798 359 et
1819 321 1968 367 ultima,
1989 335 2059 370 po-

1105 372 1260 409 ¹stridie
1290 374 1375 410 idus
1403 374 1534 411 martii
1567 375 1685 421 1517,
1714 374 2060 412 excommunicatio

1105 454 1107 467 ,
1127 425 1206 462 lata
1225 430 1283 463 est
1303 430 1437 463 contra
1456 439 1532 472 eos,
1553 427 1616 475 qui
1633 428 1670 464 in
1687 428 1872 465 electione
1892 428 1940 465 R.
1955 428 2059 465 Pon-

149 478 286 516 Leonis
302 479 338 515 X
359 485 493 515 contra
514 482 741 521 asserentes,
757 478 924 529 animam
944 478 1082 514 liuma-
1105 476 1107 479 ’

1127 478 1242 515 titicis
1275 479 1528 516 cardinalium
1562 481 1691 518 domos
1723 481 1953 519 invaderent
1973 495 1982 527 3
2016 491 2061 518 ea

1129 543 1226 578 quae
1255 528 1294 568 in
1324 530 1495 569 Concilio
1523 542 1634 581 gesta
1663 536 1702 571 et
1728 536 1876 571 statuta
1894 536 2061 578 erant,‘a

1128 585 1255 621 Leone
1274 585 1311 621 X
1327 584 1555 623 confirmata
1572 586 1742 632 fuerunt,
1753 591 1792 623 et
1807 587 1977 624 decimae
1993 598 2060 635 pro

1127 637 1374 684 expeditione
1395 642 1528 676 contra
1541 639 1685 676 Turcas
1705 641 1750 677 ad
1768 640 1974 677 triennium
1991 641 2059 677 de-

1128 693 1257 727 cretae
1279 689 1302 727 ¹.

1181 744 1275 780 Cum
1292 744 1363 780 hoc
1379 744 1551 792 concilio,
1573 746 1671 793 quod
1692 746 1950 786 oecumenicis
1966 758 2060 784 con—

1129 796 1227 834 ciliis
1248 797 1428 845 legitimis
1448 799 1776 835 adnumerandum
1790 802 1859 845 est,
1878 811 2060 847 praesen-

1130 855 1208 886 tem
1235 851 1419 899 epocham
1453 851 1710 897 absolvimus,
1743 851 1781 887 in
1810 852 2062 900 sequentibus

1132 903 1307 940 ultimam
1327 903 1512 952 historiae
1542 903 1826 942 ecclesiasticae
1848 905 2060 953 periodum,

1107 966 1109 994 3
1130 957 1177 994 ab
1207 956 1325 994 initiis
1348 957 1507 994 Lutheri
1531 969 1647 1005 usque
1681 958 1729 994 ad
1760 961 1931 995 nostram
1952 960 2062 995 aeta-

148 1007 394 1055 Episcopum,
423 1005 692 1054 Inquisitorem
713 1005 932 1042 haereticae
952 1005 1087 1054 pravi·
1107 1010 1110 1034 ²

1130 1017 1221 1056 tem,
1241 1010 1435 1047 tradituri.

1174 1143 1182 1164 ¹
1203 1141 1315 1176 Labbc,
1334 1139 1451 1172 Concu.
1466 1143 1485 1170 l.
1503 1139 1577 1177 xw,
1595 1149 1624 1178 p.
1642 1139 1652 1168 1
1675 1148 1751 1178 seq:
1767 1137 1851 1169 card.
1870 1138 1949 1174 Orsi,
1967 1138 2013 1167 De
2031 1138 2063 1169 R.

1133 1182 1250 1222 Pontis.
1269 1183 1436 1222 potestate,
1459 1182 1480 1212 l.
1503 1181 1549 1216 VI,
1573 1191 1599 1212 c.
1624 1180 1679 1218 18;
1694 1180 1716 1210 1.
1733 1181 1766 1211 B.
1781 1180 1894 1218 Palma,
1910 1179 2064 1211 Praelect.

1132 1225 1210 1257 Hist.
1227 1224 1301 1256 cccl.
1317 1227 1337 1254 t.
1355 1223 1400 1261 IV,
1416 1233 1446 1263 p.
1462 1223 1483 1262 l,
1498 1232 1523 1269 c.
1541 1222 1590 1253 11.

540 1446 972 1534 HisTORuE
1027 1381 1697 1532 'necinsnsnoffl

662 1604 1013 1671 EPOCHA
1078 1602 1534 1669 VNDECIMA

842 1762 909 1799 AB
938 1761 1116 1799 INITIIS
1144 1760 1382 1798 LVTHERI

486 1837 623 1879 VSQV
628 1838 660 1875 E
689 1837 757 1875 AD
786 1835 1223 1874 IANSENISTARVM
1254 1835 1501 1881 EXORDIA,
1530 1833 1613 1872 AN.
1638 1834 1749 1872 1640.

466 1975 772 2001 PROOEMIVM

203 2070 468 2108 Dissensiones
495 2073 535 2107 et
567 2069 789 2115 schismata,
811 2081 908 2117 quae
930 2068 966 2104 in
987 2080 1091 2117 prae-

152 2123 302 2161 cedenti
321 2124 467 2172 epocha
496 2123 767 2168 narravimus,
788 2125 893 2159 tetra
920 2122 1091 2160 Wieleffi

152 2181 192 2214 et
211 2177 342 2214 Hussii
370 2179 505 2213 contra
530 2176 737 2213 sacerdotii
768 2178 807 2212 et
835 2175 987 2224 imperii
1016 2187 1089 2212 au-

154 2230 376 2267 ctoritatem
397 2230 592 2278 dogmata,
609 2229 746 2277 hisque
767 2228 928 2266 excitati
948 2229 1091 2265 adver-

151 2295 217 2320 sus
238 2285 444 2331 utramque
460 2285 693 2331 potestatem
710 2281 840 2328 animi,
857 2286 1033 2318 emortua
1050 2281 1087 2317 in

154 2335 284 2372 multis
298 2347 391 2384 erga
410 2336 712 2373 ecclesiasticam
731 2335 1005 2372 auctoritatem
1024 2335 1091 2371 ob-

154 2388 366 2433 servantia,
386 2400 540 2425 morum
561 2388 721 2426 licentia
738 2388 777 2425 in
793 2388 897 2425 clero
919 2390 958 2425 et
976 2389 1013 2424 in
1031 2399 1091 2436 po-

154 2440 256 2489 pulo,
277 2452 458 2490 magnum
479 2442 635 2490 aliquod
658 2442 802 2479 malum
823 2441 881 2478 rei
907 2441 1090 2478 christia-

155 2505 225 2530 nae
241 2494 533 2542 protendebant.
550 2495 693 2543 Reipsa
715 2495 753 2531 in
767 2495 841 2531 hac
852 2495 999 2542 epocha
1012 2495 1091 2531 Re-

153 2546 306 2595 ligionis
329 2546 455 2584 unitas
474 2547 512 2584 in
530 2547 738 2585 Occidente
769 2550 886 2596 rupta
905 2551 963 2585 est
993 2551 1032 2584 et
1053 2547 1090 2584 in

153 2600 285 2637 varias
301 2603 429 2637 sectas
448 2599 565 2637 scissa
576 2601 790 2638 christiana
801 2600 998 2649 professio.

207 2653 357 2689 Morum
393 2652 701 2690 reformationem
743 2654 980 2702 exoptabant
1013 2653 1091 2702 qui-

153 2717 320 2753 cumque
340 2705 390 2753 pii
412 2710 450 2742 et
466 2706 585 2751 docti3
601 2710 641 2743 at
655 2707 807 2754 superbi
824 2707 981 2755 quidam
1002 2711 1041 2743 et
1056 2718 1091 2743 a-

154 2758 362 2795 marulenti
375 2758 491 2795 animi
503 2759 670 2807 specioso
682 2759 965 2797 reformationis
978 2771 1091 2808 prae-

153 2815 264 2848 textu
286 2811 408 2859 ipsam
431 2811 627 2848 Ecclesiae
658 2812 888 2858 doctrinam,
917 2812 1090 2850 auctori-

152 2867 287 2908 tatem,
308 2864 588 2912 magisterium,
609 2864 800 2904 instituta.
820 2865 995 2902 omnibus
1024 2877 1091 2902 re-

152 2921 212 2953 tro
231 2918 395 2954 saeculis
414 2929 536 2962 sacra,
557 2927 831 2965 oppugnarunt
846 2918 1090 2956 abiecerunt-

153 2981 238 3017 que,
260 2973 300 3006 et
319 2970 403 3006 sola
420 2981 478 3013 ca,
498 2981 596 3018 quae
621 2970 690 3007 sibi
711 2972 883 3017 gratiora
904 2971 1090 3008 videban-

151 3026 229 3064 tur,
251 3023 508 3059 retinuerunt.
527 3023 618 3059 Inde
639 3023 877 3059 christianae
893 3024 1091 3062 societatis

155 3075 374 3119 divisiones,
394 3076 496 3112 bella
525 3079 698 3121 cruenta,
720 3076 871 3124 aliaque
900 3077 1001 3113 mala
1029 3078 1091 3113 in-

154 3128 298 3175 gentia,
314 3128 451 3177 quibus
467 3129 666 3176 Europeae
682 3129 858 3178 regiones
873 3129 985 3167 annis
1001 3130 1091 3168 mul-

154 3181 204 3218 tis
222 3181 394 3230 agitatae
416 3181 584 3218 fuerunt.

363 3245 600 3285 WOU'I'ERS
615 3276 624 3293 ,
651 3244 695 3283 11.

1184 1962 1216 1999 F
1222 1964 1358 1999 ucatae
1369 1961 1657 1999 reformationis
1669 1961 1796 2010 capita
1807 1962 1914 1999 fuere
1926 1963 2068 1999 Luthe-

1134 2027 1202 2052 rus
1221 2018 1261 2052 et
1280 2014 1478 2060 Calvinus,
1506 2014 1682 2064 geminae
1711 2014 1927 2052 Occidentis
1953 2015 2069 2062 faces,

1133 2069 1259 2105 altera
1271 2068 1514 2113 Germaniae,
1532 2067 1655 2105 altera
1670 2068 1806 2106 Galliis
1822 2069 2069 2106 incendendis

1133 2122 1338 2159 destinata.
1359 2122 1485 2158 Ambo
1506 2125 1724 2168 novatores,
1745 2134 1819 2158 non
1852 2122 1977 2158 minus
1997 2122 2068 2159 sibi

1133 2175 1299 2211 invicem
1317 2186 1430 2222 quam
1449 2175 1641 2212 Ecclesiae
1659 2174 1874 2211 catholicae
1891 2175 2069 2223 oppositi,

1133 2228 1170 2264 in
1191 2228 1276 2265 odio
1297 2227 1532 2276 implacabili
1554 2230 1690 2264 contra
1710 2228 2068 2265 Romano-catholi-

1134 2293 1217 2318 cam
1234 2280 1447 2318 Ecclesiam
1468 2280 1773 2318 consentiebant.
1789 2280 1958 2328 Populos
1972 2280 2070 2317 mul-

1133 2339 1192 2371 tos
1221 2346 1244 2370 a
1271 2334 1319 2371 R.
1354 2334 1552 2371 Pontificis
1577 2333 1781 2382 obsequio,
1809 2334 1857 2371 ab
1880 2333 2070 2379 Ecclesia,

1133 2399 1156 2424 a
1176 2386 1364 2436 religione
1384 2387 1575 2424 catholica
1590 2387 1849 2432 devellerunt,
1867 2390 1907 2423 et
1922 2387 1968 2423 ad
1990 2398 2070 2423 sus-

1133 2440 1328 2489 cipiendas
1353 2440 1569 2477 haereticas
1597 2452 1686 2477 suas
1714 2439 1906 2477 novitates
1926 2440 2069 2488 perdu-

1133 2495 1284 2530 xerunt.
1306 2493 1452 2530 Eorum
1468 2493 1582 2530 sectis
1601 2493 1704 2530 idem
1724 2493 1824 2539 quod
1845 2491 1932 2529 aliis
1952 2492 2070 2528 omni-

1133 2548 1218 2593 bus,
1239 2558 1261 2583 a
1281 2546 1457 2596 legitima
1479 2546 1714 2583 auctoritate
1734 2547 1772 2582 et
1792 2547 1924 2582 centro
1946 2545 2069 2581 unita-

1131 2601 1182 2637 tis
1202 2599 1362 2645 avulsis,
1378 2600 1528 2648 obtigit,
1549 2599 1732 2636 nimirum
1750 2598 1814 2635 vix
1830 2603 1945 2635 natae
1961 2597 2000 2634 in
2016 2597 2068 2634 di-

1132 2664 1267 2690 versas
1277 2652 1466 2690 factiones
1474 2652 1665 2697 abierunt,
1676 2663 1772 2700 quae
1783 2650 1925 2696 tamen,
1937 2662 2070 2699 quam-

1132 2706 1191 2743 vis
1210 2705 1314 2743 inter
1331 2718 1372 2744 se
1392 2706 1603 2751 discordes,
1631 2704 1669 2741 in
1697 2703 1961 2752 oppugnandis
1990 2705 2067 2742 Ca-

1131 2758 1285 2796 tholicis
1304 2759 1599 2796 concordabant.

1184 2812 1428 2861 Quapropter
1453 2812 1490 2847 in
1518 2811 1590 2847 hac
1610 2809 1754 2858 epocha
1774 2809 1946 2847 Ecclesia
1965 2812 2065 2846 tem-

1133 2867 1302 2914 pestates
1318 2865 1484 2913 grandes
1501 2873 1615 2911 atque
1632 2861 1799 2911 pericula
1814 2866 1975 2911 experta
1995 2866 2066 2909 est,

1133 2931 1153 2955 e
1175 2919 1314 2965 quibus
1334 2922 1463 2954 tamen
1484 2916 1625 2953 victrix
1646 2916 1878 2953 exsurrexit.
1900 2915 2065 2952 Catholi-

1132 2983 1178 3008 ca
1199 2974 1237 3007 et
1258 2971 1364 3007 avita
1383 2969 1559 3006 doctrina
1587 2969 1624 3004 in
1646 2968 1874 3005 Tridentino
1908 2969 2067 3005 concilio

1132 3025 1235 3062 clare
1256 3023 1414 3060 definita
1433 3024 1501 3065 est,
1517 3021 1629 3068 eique
1650 3022 1810 3070 oppositi
1831 3026 2065 3058 novatorum

1133 3088 1284 3113 errores
1307 3074 1520 3123 proscripti.
1534 3073 1747 3122 Disciplina
1762 3074 1799 3110 in
1821 3074 1924 3111 clero
1947 3077 1985 3112 et
2007 3087 2069 3123 po-

1133 3130 1223 3178 pulo
1238 3129 1276 3165 in
1298 3129 1432 3165 eodem
1453 3127 1613 3164 concilio
1629 3127 1847 3164 instaurata
1867 3127 1951 3164 fuit.
1971 3127 2070 3164 Pon-

1132 3183 1256 3220 tifices
1274 3184 1313 3218 et
1331 3180 1497 3230 episcopi
1522 3181 1735 3218 extiterunt
1754 3180 1964 3230 pervigiles
1984 3182 2067 3218 tum

1816 3244 1864 3282 10
