2241 3473
607 169 733 200 VSQVE
761 169 814 196 AD
842 166 1136 195 PONTIFICATVM
1163 166 1193 194 S.
1215 165 1409 195 GREGORII
1436 165 1508 193 vn.

1881 150 1958 190 213

93 243 177 272 rum
197 231 418 276 damnavit,
438 233 478 268 et
497 230 678 278 Felicem,
698 231 770 270 nisi
790 242 875 270 eam
895 230 1029 269 abiicc-
1072 228 1355 275 restituit,tum
1376 225 1572 276 religionis
1592 225 1631 263 et
1645 222 1906 283 liberalitatis,
1922 225 2012 261 tum

92 288 172 331 ret,
192 284 558 322 anathematizatum
596 289 636 323 et
656 286 702 322 ab
724 285 895 322 Ecclesia
915 296 1028 333 scpa-
1073 282 1235 320 bellicae
1254 283 1350 320 artis
1364 281 1478 319 laude
1493 279 1572 317 suis
1589 289 1702 316 carus
1719 278 1758 315 et
1773 278 1917 314 exteris
1932 275 2011 313 for-

91 341 219 376 ratum
235 336 614 376 declaravit¹.'l‘unc
657 338 816 376 Fclixad
834 338 1031 374 incliorcm
1074 336 1283 381 midabilis,
1312 334 1494 383 regnavit
1523 343 1641 381 usque
1670 331 1717 368 ad
1748 341 1891 368 annum
1921 329 2010 367 844.

94 393 263 430 mentem
287 402 518 435 conversus,
535 391 820 440 Aquisgranum
838 391 1032 438 profectus
1076 389 1223 426 Bellum
1254 400 1345 426 vero
1366 388 1468 425 inter
1486 386 1642 424 califam
1664 384 1950 423 Cordubensem
1972 383 2011 420 et

95 447 176 489 est,
197 443 261 480 ubi
289 455 350 480 au.
373 444 450 481 7210
470 445 517 481 ab
538 445 700 481 Alcuino
720 445 756 481 iu
780 444 925 491 synodo
947 443 1030 491 plc-

92 496 252 534 nissime
290 497 510 534 confutatus
548 501 585 534 et
631 497 774 534 erroris
812 497 1033 540 convictus,

95 549 289 587 haeresim
319 551 525 588 abiuravit.
547 550 735 591 Quoniam
767 560 858 586 vero
885 549 931 585 dc
951 550 1033 585 cius

96 602 320 640 sinceritate
351 604 411 641 vel
439 603 658 640 constantia
682 602 943 647 dubitaretur,
967 613 1033 638 se-

98 656 136 693 di
157 667 250 693 suae
270 669 343 693 non
361 656 432 693 fuit
446 656 647 693 restitutus
661 684 669 700 ,
686 655 752 692 scd
770 655 948 703 Lugduni
965 655 1034 691 sub

95 708 332 758 inspectione
362 708 527 757 episcopi
557 708 690 745 vivere
720 708 845 745 iussus
865 711 943 753 est,
973 707 1035 744 ubi

95 773 156 799 an.
178 762 254 799 818
274 773 493 811 supremum
523 761 624 798 diem
654 760 762 798 obiit.
786 761 922 808 Neque
947 761 1034 797 ina-

94 816 155 852 nis
174 817 259 852 erat
279 815 351 852 ista
372 815 418 851 de
439 814 657 862 constantia
673 813 813 851 Felicis
832 813 1035 858 dubitatio,

94 867 283 916 siquidem
299 871 383 916 post
399 867 480 905 eius
496 871 661 905 mortem
678 879 822 904 novum
837 867 1035 915 scriptum,

94 921 143 957 ad
172 920 450 958 confutandum
481 921 687 969 pristinum
717 931 888 957 errorem
924 920 971 957 ab
993 931 1036 957 co

95 973 365 1022 compositum,
397 977 594 1022 repertum
625 976 701 1019 est,
722 973 822 1022 quod
851 974 1030 1021 Agebar-

94 1026 164 1063 dus
193 1027 391 1076 episcopus
412 1027 680 1075 Lugdunensis
712 1026 914 1064 refutavit.
947 1027 1036 1064 Ma-

94 1079 155 1116 ius
190 1079 347 1117 dubium
376 1083 453 1126 cst,
483 1091 575 1116 num
606 1080 838 1128 Elipandus,
868 1080 934 1127 qui
964 1080 1035 1116 sub

94 1132 322 1170 Maurorum
344 1133 510 1170 dominio
531 1145 667 1171 secure
689 1133 848 1181 agebat,
870 1136 908 1169 et
926 1132 1035 1169 initio

93 1185 239 1223 saeculi
263 1187 319 1223 IX
339 1186 452 1232 obiit,
473 1186 520 1223 ad
551 1186 751 1223 meliorem
772 1189 942 1223 mentem
971 1197 1037 1223 re-

96 1239 220 1276 dierit.
251 1239 557 1288 Adoptianorum
586 1239 704 1277 factio
734 1251 821 1276 cum
851 1240 935 1277 suis
964 1251 1037 1276 au-

96 1291 269 1330 ctoribus
289 1292 478 1341 disparuit
498 1290 523 1329 ².

152 1345 211 1382 10.
233 1346 391 1383 Rerum
429 1351 564 1383 status
593 1346 639 1383 in
667 1345 879 1394 Hispania
900 1368 949 1375 —
965 1346 1036 1384 Al-

96 1398 260 1447 phonso,
281 1401 537 1448 cognomento
567 1399 780 1445 catholico,
800 1400 863 1448 qui
892 1400 929 1437 in
962 1399 1037 1437 Hi-

95 1453 229 1500 spania
258 1452 510 1489 christianum
542 1452 726 1489 Asturiae
755 1464 920 1502 regnum
949 1465 1038 1490 ma-

95 1516 267 1554 gnopere
296 1505 431 1552 auxit,
455 1518 516 1543 an.
537 1505 614 1542 757
643 1506 845 1551 defuneto,
879 1518 1038 1544 succes-

96 1560 201 1596 serat
215 1558 356 1596 Froila.
374 1559 487 1596 Hunc
503 1570 565 1596 an.
579 1559 655 1596 768
671 1559 824 1607 excepit
839 1559 1037 1605 Aurelius,

96 1612 157 1648 cui
175 1623 235 1649 an.
245 1613 321 1650 775
340 1612 526 1650 successit
538 1611 632 1657 Sila,
645 1612 708 1660 qui
724 1612 905 1660 regnavit
919 1625 1038 1661 usque

96 1665 145 1702 ad
166 1677 226 1702 an.
247 1665 336 1703 783.
357 1666 481 1703 Erant
503 1668 598 1702 tunc
617 1665 805 1714 temporis
826 1665 932 1703 inter
951 1665 1042 1702 emi-

95 1729 161 1755 ras
189 1718 418 1756 Maurorum
447 1719 486 1755 in
507 1718 694 1766 Hispania
716 1719 932 1756 discordiae
951 1731 1039 1756 ma-

97 1783 196 1820 gnae
225 1774 266 1809 et
294 1772 608 1809 concertationes
628 1771 674 1808 de
694 1783 844 1809 summo
864 1772 1041 1820 imperio,

98 1825 240 1874 quibus
259 1825 353 1863 bene
379 1826 437 1863 usi
459 1821 550 1863 suxit
569 1824 760 1862 nominati
779 1825 972 1874 principes
992 1826 1039 1863 ad

98 1877 352 1927 proferendos
382 1879 493 1928 regni
513 1878 573 1916 sui
597 1877 752 1916 limites.
773 1881 846 1916 An.
868 1880 944 1916 777
965 1878 1039 1916 So-

98 1931 288 1979 limanus,
309 1932 432 1970 emira
459 1932 815 1980 Caesaraugustae,
836 1931 963 1969 Caroli
984 1933 1037 1969 M.

99 1996 210 2033 opem
225 1984 451 2034 imploravit
469 1988 605 2022 contra
618 1985 961 2030 Abd-el-Raham,
973 1985 1038 2033 qui

99 2049 290 2075 summum
311 2038 540 2077 Maurorum
563 2037 822 2087 principatum
838 2038 877 2075 in
893 2038 1037 2086 Hispa-

99 2091 165 2128 nia
201 2091 437 2140 arripuerat.
467 2091 630 2129 Carolus
667 2092 964 2129 christianorum
999 2091 1036 2128 in

99 2144 289 2192 Hispania
309 2145 519 2183 conditioni
540 2145 763 2182 consultum
779 2145 951 2194 cupiens,
966 2157 1038 2182 ex-

100 2197 339 2246 peditionem
366 2198 406 2236 in
433 2198 541 2236 illam
569 2199 757 2247 suscepit3
779 2202 817 2236 et
844 2198 1038 2246 superatis

101 2251 312 2299 Pyreneis,
333 2263 464 2289 omnes
493 2252 716 2300 provincias
743 2263 862 2300 usque
882 2252 931 2288 ad
950 2251 1039 2289 Ibe-

102 2315 192 2340 rum
211 2305 427 2354 oceupavit.
448 2305 603 2342 Emirae
622 2317 662 2343 se
683 2304 821 2343 Carolo
838 2305 1040 2351 dederunt,

103 2368 198 2405 quos
218 2358 249 2395 is
269 2358 308 2395 in
328 2357 445 2395 fidem
460 2358 618 2407 recepit.
631 2358 779 2396 Verum
794 2358 931 2395 Carolo
947 2369 1040 2407 pro-

103 2413 191 2458 pter
206 2411 405 2448 Saxonum
416 2411 667 2449 rebellionem
683 2424 731 2449 ex
746 2411 933 2461 Hispania
948 2423 1041 2449 evo-

105 2465 214 2508 cato,
238 2464 565 2502 Abd-el-Raham
595 2477 749 2502 omnem
780 2466 862 2502 fere
891 2466 1039 2502 terram

107 2527 228 2564 usque
255 2517 304 2553 ad
323 2519 474 2555 montes
495 2519 694 2567 Pyreneos
714 2519 786 2556 sub
808 2520 1039 2566 potestatem

107 2580 218 2606 suam
246 2570 406 2618 redegit.
427 2571 541 2608 Hunc
566 2571 720 2608 calisam
743 2584 803 2609 an.
825 2572 901 2608 788
921 2583 1040 2608 exce-

107 2621 163 2671 pit
179 2622 386 2669 Hoseham,
399 2623 464 2671 qui
480 2625 662 2673 regnavit
679 2637 800 2673 usque
812 2625 860 2662 ad
878 2636 939 2661 an.
952 2624 1042 2669 796,

108 2679 149 2712 et
169 2678 304 2713 contra
331 2675 501 2714 Francos
529 2680 568 2714 et
587 2678 788 2715 Asturiees
815 2688 1040 2727 prosperum

107 2728 255 2765 bellum
274 2729 403 2777 gessit.
413 2729 456 2765 In
478 2730 638 2767 Asturia
649 2734 734 2779 post
747 2731 880 2777 Silam,
893 2743 952 2768 an.
966 2730 1043 2768 783

108 2780 331 2819 defunctum
345 2811 354 2827 ,
376 2782 558 2830 regnavit
578 2783 827 2831 Maugaretus
841 2814 850 2831 ‚
870 2784 935 2832 qui
955 2795 1043 2820 sce-

108 2833 357 2872 lestissimam
395 2835 608 2883 pactionem
649 2849 736 2873 cum
765 2837 913 2874 Mauris
946 2837 1043 2874 iniit.

109 2887 208 2924 Eum
227 2888 376 2926 an.789
396 2888 550 2937 excepit
560 2888 830 2928 Veremundus
845 2890 1044 2934 diaconus,

112 2940 177 2988 qui
198 2941 352 2978 biennio
374 2943 458 2990 post
478 2953 642 2989 regnum
662 2942 774 2980 cessit
788 2943 981 2991 Alphonso
997 2943 1045 2988 ΙΙ,

116 2994 343 3044 cognomine
372 2994 497 3033 Casto.
518 2994 592 3031 Hie
621 2998 756 3032 eontra
775 2996 935 3033 Mauros
953 3007 1046 3044 pro-

118 3057 229 3095 spere
256 3048 443 3095 certavit,
463 3047 657 3085 labentem
686 3048 794 3096 regni
822 3048 881 3085 sui
905 3050 1048 3086 statum

156 3163 166 3184 ¹
185 3164 297 3202 Labbe,
313 3165 387 3196 ibid.
402 3173 430 3203 p.
449 3163 537 3195 1119.

1075 442 1255 478 Gai-olum
1272 441 1323 477 M.
1337 441 1457 478 semel
1474 443 1512 477 et
1530 440 1667 476 iterum
1683 438 1924 485 resumptum
1939 438 2014 480 est,

1076 495 1197 531 donec
1217 506 1278 531 an.
1299 494 1375 530 812
1395 494 1496 530 inter
1516 504 1579 530 eos
1600 493 1644 528 sle
1665 502 1758 540 paee
1773 488 1954 527 triennali
1972 492 2011 526 et

1077 547 1122 584 de
1151 547 1261 584 Ibero
1290 558 1361 583 ceu
1390 546 1555 583 termino
1584 545 1686 582 inter
1716 543 1917 591 utriusque
1947 552 2012 579 rc-

1077 611 1197 648 gnum
1217 599 1409 636 convenit.

1130 652 1181 689 Iis
1214 661 1326 700 porro
1357 652 1463 689 bellis
1477 680 1486 697 ,
1506 663 1604 700 quae
1625 650 1734 688 annis
1754 649 1884 687 multis
1904 649 2014 697 gesta

1077 707 1184 751 sunt,
1206 704 1455 742 ecclesiarum
1484 706 1611 742 status
1632 704 1670 740 in
1701 703 1886 752 Hispania
1913 701 2014 739 mul-

1077 760 1163 796 tum
1184 758 1436 806 perturbatus
1457 757 1542 794 fuit.

1134 811 1192 848 11.
1215 811 1444 860 Scriptores
1463 810 1727 848 ecclesiastici
1738 830 1785 837 -
1799 809 1904 846 Inter
1924 807 2017 845 scri-

1079 865 1231 912 ptores,
1251 875 1411 901 numero
1441 875 1514 900 non
1544 862 1709 909 multos,
1731 863 1777 899 de
1809 862 1945 911 quibus
1975 860 2013 897 in

1078 916 1153 953 fine
1173 917 1439 966 praecedentis
1459 916 1626 965 epochae
1647 915 1797 964 loquuti
1843 926 1977 951 sumus
1991 913 2016 959 ¹,

1080 970 1117 1006 hi
1138 982 1290 1018 quoque
1310 969 1535 1007 enumerati
1555 970 1666 1013 sunt,
1687 968 1753 1016 qui
1779 968 1848 1005 sub
1870 968 2018 1004 exitum

1080 1024 1194 1060 huius
1213 1024 1355 1060 saeculi
1375 1023 1614 1060 floruerunt:
1644 1021 1855 1070 Georgius,
1883 1031 2018 1056 mona-

1081 1077 1174 1114 chus
1203 1079 1242 1113 et
1270 1075 1451 1113 Tharasii
1471 1077 1536 1124 Cp.
1557 1074 1752 1124 syncellus
1767 1103 1775 1119 ,
1796 1074 1862 1122 qui
1889 1073 2014 1110 Claro·

1082 1131 1203 1166 m'con
1225 1130 1382 1177 scripsit
1411 1130 1458 1166 ab
1487 1128 1643 1166 exordio
1673 1127 1807 1164 mundi
1833 1137 1951 1174 usque
1973 1126 2020 1162 ad

1082 1183 1194 1220 initia
1212 1182 1444 1220 Diocletiani
1461 1180 1705 1230 imperatoris
1721 1179 1755 1227 2;
1775 1192 1803 1216 s.
1823 1179 2024 1227 Theopha-

1084 1248 1151 1273 nes
1172 1236 1312 1282 abbas,
1333 1247 1402 1283 pro
1421 1247 1471 1273 ss.
1492 1235 1713 1283 Imaginum
1741 1233 1847 1270 cultu
1867 1244 1929 1269 an.
1946 1231 2022 1268 818

1082 1289 1119 1326 in
1141 1289 1256 1326 exilio
1278 1288 1501 1334 defunctus,
1523 1288 1587 1336 qui
1608 1287 1767 1336 reliquit
1790 1287 2023 1333 Cronoyra-

1076 1343 1224 1391 phitom
1245 1343 1293 1379 ab
1310 1341 1430 1380 initiis
1446 1340 1675 1379 Diocletiani
1697 1338 1942 1388 imperatoris
1958 1350 2025 1375 us-

1084 1407 1158 1443 que
1174 1396 1222 1432 ad
1240 1408 1299 1432 an.
1312 1395 1388 1433 813
1404 1394 1431 1441 ³3
1444 1395 1591 1432 Paulus
1610 1392 1896 1438 warnefridus,
1908 1393 2023 1440 gente

1083 1449 1379 1498 Longobardus,
1400 1448 1584 1486 eeclesiae
1600 1445 1858 1497 Aquileiensis
1891 1445 2024 1482 diaco-

1084 1514 1177 1547 nus,
1199 1501 1396 1539 Desiderio
1417 1501 1761 1551 Longobardorum
1798 1498 1882 1547 regi
1910 1509 1934 1536 a
1960 1510 2025 1535 se-

1084 1555 1221 1601 cretis,
1260 1555 1396 1592 deinde
1446 1555 1659 1592 monachus
1689 1551 1924 1597 Casinensis,
1963 1551 2025 1598 qui

1082 1610 1239 1656 praeter
1258 1608 1335 1645 alia
1355 1607 1476 1646 edidit
1502 1608 1714 1645 Historiae
1731 1605 2026 1653 Lonfsobardo-

1083 1673 1179 1698 rum
1198 1662 1316 1699 libros
1335 1673 1404 1699 sex
1424 1663 1462 1699 et
1491 1660 1822 1698 continuationem
1843 1657 2028 1695 historiae

1084 1715 1291 1752 Miscellae
1310 1714 1488 1763 Eutropii
1511 1713 1524 1735 ⁴
1540 1728 1549 1761 ;
1566 1726 1595 1752 s.
1614 1713 1813 1758 Paulinus,
1829 1712 2027 1760 episcopus

1082 1767 1354 1816 Aquileiensis,
1375 1767 1438 1815 qui
1459 1767 1612 1816 scripsit
1630 1766 1802 1803 libellum
1829 1764 2025 1813 sacrosyl-

1082 1821 1212 1858 labum
1224 1821 1272 1858 de
1281 1821 1352 1859 SS.
1369 1820 1569 1859 Trinitate
1595 1820 1781 1857 adversus
1791 1818 2027 1866 Elipandum

1081 1874 1335 1920 Toletanum,
1355 1873 1473 1911 libros
1492 1874 1516 1911 3
1545 1875 1682 1911 contra
1702 1871 1875 1910 Felicem
1887 1871 2028 1919 Urgel-

1082 1927 1242 1964 litanum
1256 1955 1265 1973 ,
1288 1930 1327 1964 et
1346 1926 1467 1974 alia53
1495 1926 1702 1972 Alcuinus,
1723 1927 1839 1975 gente
1855 1924 2025 1973 Anglus,

1082 1980 1268 2017 ecclesiae
1288 1980 1544 2018 Eboracensis
1578 1980 1782 2025 diaconus,
1808 1977 2028 2015 litterarum

1081 2036 1197 2081 atque
1211 2033 1464 2071 scientiarum
1478 2035 1565 2071 tum
1592 2043 1792 2070 sacrarum
1807 2033 1890 2068 tum
1904 2029 2028 2079 profa-

1081 2098 1221 2123 narum
1233 2087 1392 2136 peritus,
1404 2089 1471 2135 qui
1483 2086 1650 2124 aCarolo
1672 2085 1724 2124 M.
1735 2085 1773 2121 in
1785 2084 1953 2121 Galliam
1968 2084 2029 2120 in-

1080 2140 1250 2187 vitatus,
1272 2139 1307 2178 ei
1328 2140 1642 2188 potentissimam
1666 2150 1775 2188 opem
1797 2137 1888 2175 tulit
1908 2137 1947 2174 in
1962 2148 2026 2173 re-

1081 2194 1302 2231 staurandis
1318 2193 1464 2231 litteris
1486 2197 1525 2231 et
1548 2191 1894 2238 scientiis,multos
1915 2189 2024 2227 disci-

1081 2247 1188 2294 pulos
1208 2246 1446 2293 informavit,
1475 2246 1705 2284 eruditionis
1725 2245 1830 2282 fama
1846 2243 2029 2289 celebres,

1081 2299 1314 2348 reliquitque
1331 2299 1513 2348 epistolas
1539 2300 1728 2348 plurimas
1742 2328 1751 2344 ,
1770 2296 2030 2346 expositiones

1082 2355 1122 2390 et
1151 2354 1431 2391 commentaria
1452 2353 1493 2390 in
1516 2365 1545 2391 s.
1566 2352 1822 2401 Scripturam‚
1842 2351 1962 2387 libros
1982 2349 2030 2386 de

1085 2405 1158 2443 SS.
1185 2406 1416 2451 Trinitate,
1437 2407 1486 2444 de
1507 2407 1763 2454 processione
1783 2404 1967 2452 Spiritus
1988 2402 2028 2440 S.

1082 2471 1108 2496 a
1138 2460 1265 2496 Patre
1284 2464 1321 2496 et
1341 2460 1469 2507 Filio,
1503 2459 1675 2508 aliosque
1704 2460 1838 2495 contra
1857 2455 2027 2493 Felicem

1083 2513 1123 2549 et
1144 2512 1376 2561 Elipandum
1398 2510 1424 2550 ⁶.

1138 2565 1197 2602 12.
1227 2566 1309 2603 Leo
1337 2565 1410 2602 III
1424 2567 1618 2614 Pontifex
1638 2563 1735 2616 (an.
1756 2561 1855 2611 795)
1876 2583 1924 2590 —
1943 2561 2027 2599 Ha-

1083 2618 1243 2657 drianus
1262 2617 1354 2656 v111⁰
1369 2619 1439 2656 cal.
1456 2618 1628 2656 ianuarii
1653 2617 1729 2655 7925
1745 2615 1917 2660 decessit,
1937 2627 2026 2651 cum

1083 2683 1204 2709 annos
1223 2675 1303 2711 tres
1323 2673 1363 2708 ct
1382 2671 1699 2721 viginti,menses
1725 2670 1869 2715 decem,
1889 2670 1928 2706 et
1947 2668 2028 2705 dies

1129 2796 1139 2818 1
1163 2795 1295 2831 Videsis,
1311 2804 1338 2833 p.
1351 2793 1497 2825 200-0301.

1125 2833 1140 2855 2
1156 2836 1257 2866 Edidit
1273 2836 1292 2867 1.
1311 2837 1400 2873 Goar,
1417 2835 1511 2865 Paris.
1531 2833 1621 2870 1652,
1637 2832 1737 2863 in—fol.

1127 2876 1142 2898 3
1164 2878 1279 2909 Prodiit
1300 2885 1368 2908 cum
1391 2877 1471 2906 notis
1489 2876 1570 2906 Goar
1585 2879 1614 2905 et
1634 2872 1801 2913 combefis,
1819 2873 1914 2904 Paris.
1931 2872 2028 2911 1655,

1088 2919 1191 2950 in·s0l.

1133 2960 1147 2982 ⁴
1164 2961 1272 2991 Extant
1285 2960 1313 2989 in
1328 2957 1475 2990 Bibliolh.
1488 2957 1546 2989 ΡΡ.
1556 2957 1692 2997 Lugdun.
1706 2960 1725 2988 t.
1740 2956 1818 2996 XIII,
1830 2958 1859 2988 et
1872 2956 1953 2997 apud
1966 2957 2030 2988 Mu·

1088 3002 1191 3038 ratori,
1209 3000 1365 3040 Scriptor.
1381 3008 1441 3029 rer.
1459 2998 1528 3029 leat.
1547 3002 1567 3029 t.
1584 2998 1604 3029 1.

1130 3043 1144 3065 5
1159 3042 1259 3073 Edidit
1272 3041 1446 3077 Madrisius,
1462 3041 1566 3071 Venet.
1584 3039 1671 3077 1737,
1688 3040 1788 3071 in-sol.

1130 3084 1144 3106 6
1159 3083 1258 3113 Edidit
1278 3082 1412 3118 Forben‚
1430 3081 1588 3113 Ratisbon.
1605 3081 1694 3120 1777,
1709 3081 1728 3111 2
1747 3080 1805 3112 vol.
1822 3081 1966 3112 iii-sol.-—
1982 3081 2028 3111 Li-

1092 3125 1147 3156 ber
1164 3124 1305 3155 Diurnus
1326 3122 1386 3153 [113.
1406 3121 1606 3162 Pontificum,
1623 3123 1730 3154 incerti
1753 3122 1886 3153 auctoris
1908 3121 2029 3153 saeculi

1095 3167 1198 3206 ipsius,
1215 3165 1253 3194 ad
1270 3167 1400 3195 veterem
1417 3164 1576 3195 historiam
1593 3164 1748 3195 Ecclesiae
1764 3163 1977 3194 illustrandam
1993 3172 2028 3193 u-

153 3199 169 3221 2
183 3205 298 3237 Annal.
315 3207 525 3243 Francorum,
542 3206 668 3237 Metens.
685 3208 714 3235 et
730 3204 848 3243 Loisel.;
866 3206 1008 3239 Paulinus
1024 3210 1053 3238 ct
1093 3207 1267 3242 missimus,
1285 3214 1334 3236 an.
1352 3204 1430 3235 1680
1445 3205 1545 3236 editus
1568 3206 1652 3238 suita
1665 3205 1836 3246 Garnierio,
1851 3203 1943 3242 ἰπὶ-40,
1959 3212 2027 3236 eum

118 3245 271 3287 Alcuinus,
293 3247 348 3280 LL.
364 3248 476 3280 contra
493 3246 628 3280 Felicem
644 3249 674 3279 et
689 3246 889 3288 Elipandum.

1093 3249 1173 3280 notis
1188 3251 1218 3278 ct
1232 3245 1507 3279 dissertationibus.
