<?xml version="1.0" encoding="UTF-8"?>
<!DOCTYPE html PUBLIC "-//W3C//DTD XHTML 1.0 Transitional//EN"
    "http://www.w3.org/TR/xhtml1/DTD/xhtml1-transitional.dtd">
<html xmlns="http://www.w3.org/1999/xhtml" xml:lang="en" lang="en">
 <head>
  <title>
</title>
<meta http-equiv="Content-Type" content="text/html;charset=utf-8" />
  <meta name='ocr-system' content='tesseract 3.04.00' />
  <meta name='ocr-capabilities' content='ocr_page ocr_carea ocr_par ocr_line ocrx_word'/>
</head>
<body>
  <div class='ocr_page' id='page_1' title='image "./historiaeecclesi01wout_0734.png"; bbox 0 0 2241 3473; ppageno 0'>
   <div class='ocr_carea' id='block_1_1' title="bbox 205 132 286 170">
    <p class='ocr_par' dir='ltr' id='par_1_1' title="bbox 205 132 286 170">
     <span class='ocr_line' id='line_1_1' title="bbox 205 132 286 170; baseline 0.012 -1"><span class='ocrx_word' id='word_1_1' title='bbox 205 132 286 170; x_wconf 75' lang='lat'>412</span> 
     </span>
    </p>
   </div>
   <div class='ocr_carea' id='block_1_2' title="bbox 151 208 1102 258">
    <p class='ocr_par' dir='ltr' id='par_1_2' title="bbox 151 208 1102 258">
     <span class='ocr_line' id='line_1_2' title="bbox 151 208 1102 258; baseline -0.002 -13"><span class='ocrx_word' id='word_1_2' title='bbox 151 210 410 258; x_wconf 75' lang='lat' dir='ltr'>intelligitur,</span> <span class='ocrx_word' id='word_1_3' title='bbox 439 210 539 257; x_wconf 88' lang='lat' dir='ltr'>quod</span> <span class='ocrx_word' id='word_1_4' title='bbox 573 210 713 246; x_wconf 89' lang='lat' dir='ltr'>eadem</span> <span class='ocrx_word' id='word_1_5' title='bbox 742 210 829 256; x_wconf 89' lang='lat' dir='ltr'>lege</span> <span class='ocrx_word' id='word_1_6' title='bbox 862 208 987 244; x_wconf 89' lang='lat' dir='ltr'>omnis</span> <span class='ocrx_word' id='word_1_7' title='bbox 1013 209 1102 245; x_wconf 86' lang='lat' dir='ltr'>reli-</span> 
     </span>
    </p>
   </div>
   <div class='ocr_carea' id='block_1_3' title="bbox 493 131 1756 170">
    <p class='ocr_par' dir='ltr' id='par_1_3' title="bbox 493 131 1756 170">
     <span class='ocr_line' id='line_1_3' title="bbox 493 131 1756 170; baseline 0 0"><span class='ocrx_word' id='word_1_8' title='bbox 493 143 660 170; x_wconf 88' lang='lat' dir='ltr'>EPOCHA</span> <span class='ocrx_word' id='word_1_9' title='bbox 679 131 770 170; x_wconf 72' lang='lat' dir='ltr'>xm.</span> <span class='ocrx_word' id='word_1_10' title='bbox 796 145 822 169; x_wconf 90' lang='lat' dir='ltr'>A</span> <span class='ocrx_word' id='word_1_11' title='bbox 844 143 1027 170; x_wconf 88' lang='lat' dir='ltr'>PVBLICA</span> <span class='ocrx_word' id='word_1_12' title='bbox 1047 144 1195 170; x_wconf 81' lang='lat' dir='ltr'>RERVM</span> <span class='ocrx_word' id='word_1_13' title='bbox 1217 143 1259 169; x_wconf 90' lang='lat' dir='ltr'>IN</span> <span class='ocrx_word' id='word_1_14' title='bbox 1281 141 1450 169; x_wconf 84' lang='lat' dir='ltr'>GALLIIS</span> <span class='ocrx_word' id='word_1_15' title='bbox 1468 140 1756 170; x_wconf 80' lang='lat' dir='ltr'>SVBVERSIONE</span> 
     </span>
    </p>
   </div>
   <div class='ocr_carea' id='block_1_4' title="bbox 1154 207 2103 255">
    <p class='ocr_par' dir='ltr' id='par_1_4' title="bbox 1154 207 2103 255">
     <span class='ocr_line' id='line_1_4' title="bbox 1154 207 2103 255; baseline 0.001 -11"><span class='ocrx_word' id='word_1_16' title='bbox 1154 212 1234 244; x_wconf 90' lang='lat' dir='ltr'>tate</span> <span class='ocrx_word' id='word_1_17' title='bbox 1263 219 1310 244; x_wconf 93' lang='lat' dir='ltr'>ne</span> <span class='ocrx_word' id='word_1_18' title='bbox 1328 218 1500 254; x_wconf 90' lang='lat' dir='ltr'>unquam</span> <span class='ocrx_word' id='word_1_19' title='bbox 1533 207 1795 244; x_wconf 76' lang='lat' dir='ltr'>discederent.</span> <span class='ocrx_word' id='word_1_20' title='bbox 1822 208 2103 255; x_wconf 88' lang='lat' dir='ltr'>Obsequentis-</span> 
     </span>
    </p>
   </div>
   <div class='ocr_carea' id='block_1_5' title="bbox 152 262 2109 311">
    <p class='ocr_par' dir='ltr' id='par_1_5' title="bbox 152 262 2109 311">
     <span class='ocr_line' id='line_1_5' title="bbox 152 262 2109 311; baseline -0.001 -11"><span class='ocrx_word' id='word_1_21' title='bbox 152 265 263 311; x_wconf 86' lang='lat' dir='ltr'>giosa</span> <span class='ocrx_word' id='word_1_22' title='bbox 284 264 476 300; x_wconf 86' lang='lat' dir='ltr'>institutio</span> <span class='ocrx_word' id='word_1_23' title='bbox 498 264 613 310; x_wconf 90' lang='lat' dir='ltr'>plane</span> <span class='ocrx_word' id='word_1_24' title='bbox 633 263 855 299; x_wconf 90' lang='lat' dir='ltr'>excluditur</span> <span class='ocrx_word' id='word_1_25' title='bbox 876 263 924 298; x_wconf 90' lang='lat' dir='ltr'>ab</span> <span class='ocrx_word' id='word_1_26' title='bbox 944 263 989 298; x_wconf 89' lang='lat' dir='ltr'>iis</span> <span class='ocrx_word' id='word_1_27' title='bbox 1007 262 1101 309; x_wconf 88' lang='lat' dir='ltr'>ipsis</span> <span class='ocrx_word' id='word_1_28' title='bbox 1155 262 1274 298; x_wconf 89' lang='lat' dir='ltr'>simos</span> <span class='ocrx_word' id='word_1_29' title='bbox 1316 262 1361 298; x_wconf 84' lang='lat' dir='ltr'>S.</span> <span class='ocrx_word' id='word_1_30' title='bbox 1402 262 1513 297; x_wconf 88' lang='lat' dir='ltr'>Sedis</span> <span class='ocrx_word' id='word_1_31' title='bbox 1558 262 1717 298; x_wconf 88' lang='lat' dir='ltr'>monitis</span> <span class='ocrx_word' id='word_1_32' title='bbox 1758 274 1800 298; x_wconf 87' lang='lat' dir='ltr'>se</span> <span class='ocrx_word' id='word_1_33' title='bbox 1842 263 2109 309; x_wconf 88' lang='lat' dir='ltr'>praebuerunt</span> 
     </span>
    </p>
   </div>
   <div class='ocr_carea' id='block_1_6' title="bbox 145 317 1109 3282">
    <p class='ocr_par' dir='ltr' id='par_1_6' title="bbox 151 317 1103 524">
     <span class='ocr_line' id='line_1_6' title="bbox 153 317 1097 365; baseline -0.005 -9"><span class='ocrx_word' id='word_1_34' title='bbox 153 321 373 356; x_wconf 87' lang='lat' dir='ltr'>litterarum</span> <span class='ocrx_word' id='word_1_35' title='bbox 401 319 623 365; x_wconf 74' lang='lat' dir='ltr'>palaestris,</span> <span class='ocrx_word' id='word_1_36' title='bbox 641 329 735 364; x_wconf 90' lang='lat' dir='ltr'>quas</span> <span class='ocrx_word' id='word_1_37' title='bbox 760 317 914 352; x_wconf 86' lang='lat' dir='ltr'>scholas</span> <span class='ocrx_word' id='word_1_38' title='bbox 941 328 1097 352; x_wconf 77' lang='lat' dir='ltr'>norma-</span> 
     </span>
     <span class='ocr_line' id='line_1_7' title="bbox 152 371 1100 418; baseline -0.002 -10"><span class='ocrx_word' id='word_1_39' title='bbox 152 373 207 409; x_wconf 80' lang='lat' dir='ltr'>les</span> <span class='ocrx_word' id='word_1_40' title='bbox 225 377 380 413; x_wconf 89' lang='lat' dir='ltr'>vocant,</span> <span class='ocrx_word' id='word_1_41' title='bbox 397 371 461 406; x_wconf 86' lang='lat' dir='ltr'>ubi</span> <span class='ocrx_word' id='word_1_42' title='bbox 481 371 769 407; x_wconf 75' lang='lat' dir='ltr'>exercitatione</span> <span class='ocrx_word' id='word_1_43' title='bbox 801 371 1100 418; x_wconf 74' lang='lat' dir='ltr'>praeceptisque</span> 
     </span>
     <span class='ocr_line' id='line_1_8' title="bbox 153 424 1103 471; baseline -0.002 -10"><span class='ocrx_word' id='word_1_44' title='bbox 153 426 448 461; x_wconf 76' lang='lat' dir='ltr'>conformantur</span> <span class='ocrx_word' id='word_1_45' title='bbox 476 424 539 471; x_wconf 88' lang='lat' dir='ltr'>qui</span> <span class='ocrx_word' id='word_1_46' title='bbox 574 435 722 471; x_wconf 87' lang='lat' dir='ltr'>quaeve</span> <span class='ocrx_word' id='word_1_47' title='bbox 757 424 943 471; x_wconf 81' lang='lat' dir='ltr'>deinceps</span> <span class='ocrx_word' id='word_1_48' title='bbox 979 424 1103 459; x_wconf 88' lang='lat' dir='ltr'>velint</span> 
     </span>
     <span class='ocr_line' id='line_1_9' title="bbox 151 478 1006 524; baseline -0.006 -9"><span class='ocrx_word' id='word_1_49' title='bbox 151 479 198 515; x_wconf 88' lang='lat' dir='ltr'>ad</span> <span class='ocrx_word' id='word_1_50' title='bbox 225 478 460 515; x_wconf 87' lang='lat' dir='ltr'>erudiendos</span> <span class='ocrx_word' id='word_1_51' title='bbox 488 489 628 524; x_wconf 88' lang='lat' dir='ltr'>pueros</span> <span class='ocrx_word' id='word_1_52' title='bbox 655 489 741 514; x_wconf 91' lang='lat' dir='ltr'>sese</span> <span class='ocrx_word' id='word_1_53' title='bbox 771 479 1006 514; x_wconf 81' lang='lat' dir='ltr'>conferre».</span> 
     </span>
    </p>

    <p class='ocr_par' dir='ltr' id='par_1_7' title="bbox 145 530 1109 2351">
     <span class='ocr_line' id='line_1_10' title="bbox 198 530 1103 579; baseline -0.002 -12"><span class='ocrx_word' id='word_1_54' title='bbox 198 532 328 578; x_wconf 81' lang='lat' dir='ltr'>Regni</span> <span class='ocrx_word' id='word_1_55' title='bbox 349 531 476 578; x_wconf 86' lang='lat' dir='ltr'>Belgii</span> <span class='ocrx_word' id='word_1_56' title='bbox 496 531 699 578; x_wconf 79' lang='lat' dir='ltr'>Episcopi,</span> <span class='ocrx_word' id='word_1_57' title='bbox 723 543 811 567; x_wconf 89' lang='lat' dir='ltr'>cum</span> <span class='ocrx_word' id='word_1_58' title='bbox 838 532 959 579; x_wconf 88' lang='lat' dir='ltr'>probe</span> <span class='ocrx_word' id='word_1_59' title='bbox 987 530 1103 567; x_wconf 91' lang='lat' dir='ltr'>senti-</span> 
     </span>
     <span class='ocr_line' id='line_1_11' title="bbox 157 584 1102 632; baseline 0 -12"><span class='ocrx_word' id='word_1_60' title='bbox 157 590 258 628; x_wconf 90' lang='lat' dir='ltr'>rent,</span> <span class='ocrx_word' id='word_1_61' title='bbox 278 584 367 631; x_wconf 86' lang='lat' dir='ltr'>quid</span> <span class='ocrx_word' id='word_1_62' title='bbox 395 596 417 620; x_wconf 89' lang='lat' dir='ltr'>a</span> <span class='ocrx_word' id='word_1_63' title='bbox 443 596 484 620; x_wconf 92' lang='lat' dir='ltr'>se</span> <span class='ocrx_word' id='word_1_64' title='bbox 513 588 669 631; x_wconf 88' lang='lat' dir='ltr'>tempus</span> <span class='ocrx_word' id='word_1_65' title='bbox 697 585 947 632; x_wconf 85' lang='lat' dir='ltr'>officiumque</span> <span class='ocrx_word' id='word_1_66' title='bbox 975 589 1102 631; x_wconf 86' lang='lat' dir='ltr'>postu-</span> 
     </span>
     <span class='ocr_line' id='line_1_12' title="bbox 153 638 1103 685; baseline -0.001 -11"><span class='ocrx_word' id='word_1_67' title='bbox 153 640 274 682; x_wconf 85' lang='lat' dir='ltr'>laret,</span> <span class='ocrx_word' id='word_1_68' title='bbox 295 638 469 674; x_wconf 86' lang='lat' dir='ltr'>sedulam</span> <span class='ocrx_word' id='word_1_69' title='bbox 497 649 659 685; x_wconf 90' lang='lat' dir='ltr'>operam</span> <span class='ocrx_word' id='word_1_70' title='bbox 688 638 881 675; x_wconf 89' lang='lat' dir='ltr'>dederunt</span> <span class='ocrx_word' id='word_1_71' title='bbox 908 638 1103 674; x_wconf 84' lang='lat' dir='ltr'>arcendae</span> 
     </span>
     <span class='ocr_line' id='line_1_13' title="bbox 151 691 1102 738; baseline 0.001 -11"><span class='ocrx_word' id='word_1_72' title='bbox 151 692 198 727; x_wconf 87' lang='lat' dir='ltr'>ab</span> <span class='ocrx_word' id='word_1_73' title='bbox 225 691 415 727; x_wconf 88' lang='lat' dir='ltr'>eiusmodi</span> <span class='ocrx_word' id='word_1_74' title='bbox 442 692 605 738; x_wconf 84' lang='lat' dir='ltr'>publicis</span> <span class='ocrx_word' id='word_1_75' title='bbox 633 692 777 728; x_wconf 89' lang='lat' dir='ltr'>scholis</span> <span class='ocrx_word' id='word_1_76' title='bbox 804 692 1008 729; x_wconf 88' lang='lat' dir='ltr'>iuventuti.</span> <span class='ocrx_word' id='word_1_77' title='bbox 1031 693 1102 728; x_wconf 89' lang='lat' dir='ltr'>Da-</span> 
     </span>
     <span class='ocr_line' id='line_1_14' title="bbox 153 746 1104 790; baseline 0.003 -10"><span class='ocrx_word' id='word_1_78' title='bbox 153 751 288 781; x_wconf 87' lang='lat' dir='ltr'>mnata</span> <span class='ocrx_word' id='word_1_79' title='bbox 322 746 399 781; x_wconf 90' lang='lat' dir='ltr'>iam</span> <span class='ocrx_word' id='word_1_80' title='bbox 434 746 513 781; x_wconf 87' lang='lat' dir='ltr'>suis</span> <span class='ocrx_word' id='word_1_81' title='bbox 548 746 737 790; x_wconf 86' lang='lat' dir='ltr'>Litteris,</span> <span class='ocrx_word' id='word_1_82' title='bbox 766 747 867 783; x_wconf 88' lang='lat' dir='ltr'>datis</span> <span class='ocrx_word' id='word_1_83' title='bbox 905 747 966 783; x_wconf 90' lang='lat' dir='ltr'>die</span> <span class='ocrx_word' id='word_1_84' title='bbox 994 748 1015 783; x_wconf 90' lang='lat'><strong>7</strong></span> <span class='ocrx_word' id='word_1_85' title='bbox 1042 747 1104 783; x_wconf 91' lang='lat' dir='ltr'>de-</span> 
     </span>
     <span class='ocr_line' id='line_1_15' title="bbox 157 799 1099 849; baseline 0.002 -14"><span class='ocrx_word' id='word_1_86' title='bbox 157 799 324 835; x_wconf 86' lang='lat' dir='ltr'>cembris</span> <span class='ocrx_word' id='word_1_87' title='bbox 343 799 446 843; x_wconf 78' lang='lat'>1878,</span> <span class='ocrx_word' id='word_1_88' title='bbox 465 810 567 835; x_wconf 91' lang='lat' dir='ltr'>nova</span> <span class='ocrx_word' id='word_1_89' title='bbox 587 800 812 836; x_wconf 90' lang='lat' dir='ltr'>scholarum</span> <span class='ocrx_word' id='word_1_90' title='bbox 831 801 1099 849; x_wconf 84' lang='lat' dir='ltr'>dispositione,</span> 
     </span>
     <span class='ocr_line' id='line_1_16' title="bbox 150 854 1104 901; baseline 0.002 -13"><span class='ocrx_word' id='word_1_91' title='bbox 150 864 265 900; x_wconf 90' lang='lat' dir='ltr'>quam</span> <span class='ocrx_word' id='word_1_92' title='bbox 286 854 529 889; x_wconf 89' lang='lat' dir='ltr'>Gubernium</span> <span class='ocrx_word' id='word_1_93' title='bbox 558 859 834 901; x_wconf 79' lang='lat' dir='ltr'>proposuerat,</span> <span class='ocrx_word' id='word_1_94' title='bbox 860 856 1004 891; x_wconf 87' lang='lat' dir='ltr'>iterum</span> <span class='ocrx_word' id='word_1_95' title='bbox 1033 854 1104 890; x_wconf 91' lang='lat' dir='ltr'>Pa-</span> 
     </span>
     <span class='ocr_line' id='line_1_17' title="bbox 150 907 1107 956; baseline 0.003 -15"><span class='ocrx_word' id='word_1_96' title='bbox 150 907 287 942; x_wconf 87' lang='lat' dir='ltr'>storali</span> <span class='ocrx_word' id='word_1_97' title='bbox 307 907 694 954; x_wconf 87' lang='lat' dir='ltr'>communiEpistola</span> <span class='ocrx_word' id='word_1_98' title='bbox 712 909 979 956; x_wconf 80' lang='lat' dir='ltr'>reprobarunt</span> <span class='ocrx_word' id='word_1_99' title='bbox 997 909 1107 945; x_wconf 91' lang='lat' dir='ltr'>scho-</span> 
     </span>
     <span class='ocr_line' id='line_1_18' title="bbox 147 961 1107 1010; baseline 0.003 -15"><span class='ocrx_word' id='word_1_100' title='bbox 147 961 323 996; x_wconf 88' lang='lat' dir='ltr'>lasticam</span> <span class='ocrx_word' id='word_1_101' title='bbox 341 961 468 1007; x_wconf 90' lang='lat' dir='ltr'>legem</span> <span class='ocrx_word' id='word_1_102' title='bbox 486 961 635 997; x_wconf 85' lang='lat' dir='ltr'>mensis</span> <span class='ocrx_word' id='word_1_103' title='bbox 654 962 734 998; x_wconf 92' lang='lat' dir='ltr'>iulii</span> <span class='ocrx_word' id='word_1_104' title='bbox 753 963 858 1007; x_wconf 82' lang='lat'>1879;</span> <span class='ocrx_word' id='word_1_105' title='bbox 875 968 991 1010; x_wconf 87' lang='lat' dir='ltr'>atque</span> <span class='ocrx_word' id='word_1_106' title='bbox 1008 963 1107 998; x_wconf 89' lang='lat' dir='ltr'>alias</span> 
     </span>
     <span class='ocr_line' id='line_1_19' title="bbox 145 1013 1104 1064; baseline 0.003 -15"><span class='ocrx_word' id='word_1_107' title='bbox 145 1013 379 1061; x_wconf 85' lang='lat' dir='ltr'>aperiendas</span> <span class='ocrx_word' id='word_1_108' title='bbox 421 1014 577 1051; x_wconf 91' lang='lat' dir='ltr'>scholas</span> <span class='ocrx_word' id='word_1_109' title='bbox 616 1020 881 1061; x_wconf 90' lang='lat' dir='ltr'>curaverunt,</span> <span class='ocrx_word' id='word_1_110' title='bbox 918 1018 1104 1064; x_wconf 85' lang='lat' dir='ltr'>potestati</span> 
     </span>
     <span class='ocr_line' id='line_1_20' title="bbox 146 1069 1104 1117; baseline 0.004 -14"><span class='ocrx_word' id='word_1_111' title='bbox 146 1079 237 1104; x_wconf 87' lang='lat' dir='ltr'>suae</span> <span class='ocrx_word' id='word_1_112' title='bbox 257 1069 510 1113; x_wconf 85' lang='lat' dir='ltr'>obnoxias,in</span> <span class='ocrx_word' id='word_1_113' title='bbox 532 1070 667 1117; x_wconf 88' lang='lat' dir='ltr'>quibus</span> <span class='ocrx_word' id='word_1_114' title='bbox 687 1075 851 1108; x_wconf 84' lang='lat' dir='ltr'>tenerae</span> <span class='ocrx_word' id='word_1_115' title='bbox 879 1070 1104 1107; x_wconf 89' lang='lat' dir='ltr'>adolescen—</span> 
     </span>
     <span class='ocr_line' id='line_1_21' title="bbox 147 1124 1105 1172; baseline 0.003 -14"><span class='ocrx_word' id='word_1_116' title='bbox 147 1124 318 1158; x_wconf 90' lang='lat' dir='ltr'>tulorum</span> <span class='ocrx_word' id='word_1_117' title='bbox 334 1128 486 1160; x_wconf 88' lang='lat' dir='ltr'>mentes</span> <span class='ocrx_word' id='word_1_118' title='bbox 505 1125 830 1162; x_wconf 86' lang='lat' dir='ltr'>eumlitterarum</span> <span class='ocrx_word' id='word_1_119' title='bbox 849 1129 931 1162; x_wconf 92' lang='lat' dir='ltr'>tum</span> <span class='ocrx_word' id='word_1_120' title='bbox 951 1125 1105 1172; x_wconf 89' lang='lat' dir='ltr'>religio-</span> 
     </span>
     <span class='ocr_line' id='line_1_22' title="bbox 147 1178 1105 1227; baseline 0.003 -14"><span class='ocrx_word' id='word_1_121' title='bbox 147 1179 205 1213; x_wconf 89' lang='lat' dir='ltr'>nis</span> <span class='ocrx_word' id='word_1_122' title='bbox 232 1178 440 1214; x_wconf 90' lang='lat' dir='ltr'>elementis</span> <span class='ocrx_word' id='word_1_123' title='bbox 468 1180 614 1226; x_wconf 89' lang='lat' dir='ltr'>optime</span> <span class='ocrx_word' id='word_1_124' title='bbox 641 1180 925 1216; x_wconf 86' lang='lat' dir='ltr'>formarentur.</span> <span class='ocrx_word' id='word_1_125' title='bbox 954 1181 1105 1227; x_wconf 81' lang='lat' dir='ltr'>Belgae</span> 
     </span>
     <span class='ocr_line' id='line_1_23' title="bbox 146 1233 1107 1282; baseline 0 -12"><span class='ocrx_word' id='word_1_126' title='bbox 146 1238 276 1270; x_wconf 89' lang='lat' dir='ltr'>autem</span> <span class='ocrx_word' id='word_1_127' title='bbox 295 1245 383 1269; x_wconf 89' lang='lat' dir='ltr'>cum</span> <span class='ocrx_word' id='word_1_128' title='bbox 399 1233 780 1278; x_wconf 86' lang='lat' dir='ltr'>animadverterent,</span> <span class='ocrx_word' id='word_1_129' title='bbox 801 1239 992 1282; x_wconf 87' lang='lat' dir='ltr'>quantum</span> <span class='ocrx_word' id='word_1_130' title='bbox 1019 1235 1107 1271; x_wconf 89' lang='lat' dir='ltr'>reli—</span> 
     </span>
     <span class='ocr_line' id='line_1_24' title="bbox 150 1288 1108 1336; baseline 0 -12"><span class='ocrx_word' id='word_1_131' title='bbox 150 1288 256 1335; x_wconf 88' lang='lat' dir='ltr'>gioni</span> <span class='ocrx_word' id='word_1_132' title='bbox 273 1289 492 1336; x_wconf 85' lang='lat' dir='ltr'>periculum</span> <span class='ocrx_word' id='word_1_133' title='bbox 510 1288 558 1324; x_wconf 89' lang='lat' dir='ltr'>ab</span> <span class='ocrx_word' id='word_1_134' title='bbox 577 1289 726 1336; x_wconf 88' lang='lat' dir='ltr'>ealege</span> <span class='ocrx_word' id='word_1_135' title='bbox 745 1289 1009 1336; x_wconf 87' lang='lat' dir='ltr'>impenderet,</span> <span class='ocrx_word' id='word_1_136' title='bbox 1022 1301 1108 1336; x_wconf 89' lang='lat' dir='ltr'>per-</span> 
     </span>
     <span class='ocr_line' id='line_1_25' title="bbox 147 1342 1107 1391; baseline 0.002 -14"><span class='ocrx_word' id='word_1_137' title='bbox 147 1347 365 1390; x_wconf 85' lang='lat' dir='ltr'>opportuno</span> <span class='ocrx_word' id='word_1_138' title='bbox 400 1342 489 1378; x_wconf 87' lang='lat' dir='ltr'>huic</span> <span class='ocrx_word' id='word_1_139' title='bbox 524 1342 812 1390; x_wconf 86' lang='lat' dir='ltr'>Episcoporum</span> <span class='ocrx_word' id='word_1_140' title='bbox 832 1343 943 1391; x_wconf 86' lang='lat' dir='ltr'>operi</span> <span class='ocrx_word' id='word_1_141' title='bbox 962 1355 1049 1380; x_wconf 87' lang='lat' dir='ltr'>sese</span> <span class='ocrx_word' id='word_1_142' title='bbox 1070 1354 1107 1379; x_wconf 88' lang='lat' dir='ltr'>a·</span> 
     </span>
     <span class='ocr_line' id='line_1_26' title="bbox 146 1395 1106 1444; baseline 0.003 -13"><span class='ocrx_word' id='word_1_143' title='bbox 146 1396 328 1432; x_wconf 88' lang='lat' dir='ltr'>lacritate</span> <span class='ocrx_word' id='word_1_144' title='bbox 372 1407 527 1431; x_wconf 88' lang='lat' dir='ltr'>summa</span> <span class='ocrx_word' id='word_1_145' title='bbox 570 1395 771 1432; x_wconf 88' lang='lat' dir='ltr'>adiutores</span> <span class='ocrx_word' id='word_1_146' title='bbox 813 1397 1106 1444; x_wconf 72' lang='lat' dir='ltr'>praebuerunt,</span> 
     </span>
     <span class='ocr_line' id='line_1_27' title="bbox 147 1448 1107 1496; baseline 0 -12"><span class='ocrx_word' id='word_1_147' title='bbox 147 1449 259 1496; x_wconf 87' lang='lat' dir='ltr'>idque</span> <span class='ocrx_word' id='word_1_148' title='bbox 287 1453 367 1485; x_wconf 89' lang='lat' dir='ltr'>tam</span> <span class='ocrx_word' id='word_1_149' title='bbox 396 1448 640 1484; x_wconf 88' lang='lat' dir='ltr'>inflammato</span> <span class='ocrx_word' id='word_1_150' title='bbox 668 1449 798 1486; x_wconf 89' lang='lat' dir='ltr'>studio</span> <span class='ocrx_word' id='word_1_151' title='bbox 817 1479 825 1493; x_wconf 98' lang='lat'>,</span> <span class='ocrx_word' id='word_1_152' title='bbox 860 1456 903 1486; x_wconf 91' lang='lat' dir='ltr'>ut</span> <span class='ocrx_word' id='word_1_153' title='bbox 928 1450 1107 1486; x_wconf 89' lang='lat' dir='ltr'>laborum</span> 
     </span>
     <span class='ocr_line' id='line_1_28' title="bbox 146 1503 1107 1550; baseline 0.001 -12"><span class='ocrx_word' id='word_1_154' title='bbox 146 1514 192 1538; x_wconf 88' lang='lat' dir='ltr'>ac</span> <span class='ocrx_word' id='word_1_155' title='bbox 219 1507 443 1550; x_wconf 88' lang='lat' dir='ltr'>sumptuum</span> <span class='ocrx_word' id='word_1_156' title='bbox 471 1503 701 1550; x_wconf 80' lang='lat' dir='ltr'>magnitudo</span> <span class='ocrx_word' id='word_1_157' title='bbox 729 1503 1035 1540; x_wconf 87' lang='lat' dir='ltr'>admirationem</span> <span class='ocrx_word' id='word_1_158' title='bbox 1056 1504 1107 1539; x_wconf 90' lang='lat' dir='ltr'>fe-</span> 
     </span>
     <span class='ocr_line' id='line_1_29' title="bbox 151 1556 1109 1604; baseline 0.001 -13"><span class='ocrx_word' id='word_1_159' title='bbox 151 1557 250 1592; x_wconf 88' lang='lat' dir='ltr'>cerit</span> <span class='ocrx_word' id='word_1_160' title='bbox 276 1556 379 1603; x_wconf 83' lang='lat' dir='ltr'>apud</span> <span class='ocrx_word' id='word_1_161' title='bbox 401 1568 551 1601; x_wconf 88' lang='lat' dir='ltr'>omnes,</span> <span class='ocrx_word' id='word_1_162' title='bbox 580 1556 628 1593; x_wconf 90' lang='lat' dir='ltr'>ad</span> <span class='ocrx_word' id='word_1_163' title='bbox 656 1568 752 1604; x_wconf 90' lang='lat' dir='ltr'>quos</span> <span class='ocrx_word' id='word_1_164' title='bbox 778 1557 892 1594; x_wconf 84' lang='lat' dir='ltr'>huius</span> <span class='ocrx_word' id='word_1_165' title='bbox 918 1558 975 1594; x_wconf 87' lang='lat' dir='ltr'>rei</span> <span class='ocrx_word' id='word_1_166' title='bbox 1002 1557 1109 1593; x_wconf 88' lang='lat' dir='ltr'>fama</span> 
     </span>
     <span class='ocr_line' id='line_1_30' title="bbox 146 1610 1108 1657; baseline -0.001 -11"><span class='ocrx_word' id='word_1_167' title='bbox 146 1610 342 1657; x_wconf 89' lang='lat' dir='ltr'>pervenit.</span> <span class='ocrx_word' id='word_1_168' title='bbox 370 1610 521 1647; x_wconf 90' lang='lat' dir='ltr'>Verum</span> <span class='ocrx_word' id='word_1_169' title='bbox 551 1622 599 1646; x_wconf 91' lang='lat' dir='ltr'>ex</span> <span class='ocrx_word' id='word_1_170' title='bbox 626 1611 687 1647; x_wconf 87' lang='lat' dir='ltr'>his</span> <span class='ocrx_word' id='word_1_171' title='bbox 712 1611 858 1648; x_wconf 86' lang='lat' dir='ltr'>litteris</span> <span class='ocrx_word' id='word_1_172' title='bbox 892 1611 1108 1648; x_wconf 87' lang='lat' dir='ltr'>collectivis</span> 
     </span>
     <span class='ocr_line' id='line_1_31' title="bbox 147 1664 1106 1713; baseline 0.001 -14"><span class='ocrx_word' id='word_1_173' title='bbox 147 1664 450 1712; x_wconf 88' lang='lat' dir='ltr'>Episcoporum,</span> <span class='ocrx_word' id='word_1_174' title='bbox 468 1676 515 1700; x_wconf 87' lang='lat' dir='ltr'>ex</span> <span class='ocrx_word' id='word_1_175' title='bbox 532 1665 670 1710; x_wconf 88' lang='lat' dir='ltr'>poenis</span> <span class='ocrx_word' id='word_1_176' title='bbox 689 1665 891 1702; x_wconf 89' lang='lat' dir='ltr'>canonicis</span> <span class='ocrx_word' id='word_1_177' title='bbox 905 1677 1002 1713; x_wconf 89' lang='lat' dir='ltr'>quas</span> <span class='ocrx_word' id='word_1_178' title='bbox 1021 1665 1106 1701; x_wconf 91' lang='lat' dir='ltr'>iure</span> 
     </span>
     <span class='ocr_line' id='line_1_32' title="bbox 148 1719 1108 1767; baseline 0.003 -14"><span class='ocrx_word' id='word_1_179' title='bbox 148 1719 289 1754; x_wconf 86' lang='lat' dir='ltr'>merito</span> <span class='ocrx_word' id='word_1_180' title='bbox 317 1719 391 1765; x_wconf 90' lang='lat' dir='ltr'>ipsi</span> <span class='ocrx_word' id='word_1_181' title='bbox 428 1719 658 1755; x_wconf 89' lang='lat' dir='ltr'>comminati</span> <span class='ocrx_word' id='word_1_182' title='bbox 686 1725 777 1755; x_wconf 88' lang='lat' dir='ltr'>sunt</span> <span class='ocrx_word' id='word_1_183' title='bbox 804 1720 842 1755; x_wconf 91' lang='lat' dir='ltr'>in</span> <span class='ocrx_word' id='word_1_184' title='bbox 870 1720 983 1756; x_wconf 86' lang='lat' dir='ltr'>huius</span> <span class='ocrx_word' id='word_1_185' title='bbox 1010 1720 1108 1767; x_wconf 82' lang='lat' dir='ltr'>legis</span> 
     </span>
     <span class='ocr_line' id='line_1_33' title="bbox 148 1772 1107 1821; baseline 0.003 -14"><span class='ocrx_word' id='word_1_186' title='bbox 148 1780 333 1808; x_wconf 87' lang='lat' dir='ltr'>auctores</span> <span class='ocrx_word' id='word_1_187' title='bbox 356 1777 396 1808; x_wconf 90' lang='lat' dir='ltr'>et</span> <span class='ocrx_word' id='word_1_188' title='bbox 412 1772 648 1820; x_wconf 89' lang='lat' dir='ltr'>praecipuos</span> <span class='ocrx_word' id='word_1_189' title='bbox 668 1777 920 1817; x_wconf 82' lang='lat' dir='ltr'>executores,</span> <span class='ocrx_word' id='word_1_190' title='bbox 939 1774 1107 1821; x_wconf 89' lang='lat' dir='ltr'>denique</span> 
     </span>
     <span class='ocr_line' id='line_1_34' title="bbox 147 1826 1107 1874; baseline 0.002 -13"><span class='ocrx_word' id='word_1_191' title='bbox 147 1837 196 1861; x_wconf 82' lang='lat' dir='ltr'>ex</span> <span class='ocrx_word' id='word_1_192' title='bbox 224 1826 449 1873; x_wconf 85' lang='lat' dir='ltr'>frequentia</span> <span class='ocrx_word' id='word_1_193' title='bbox 477 1826 756 1874; x_wconf 87' lang='lat' dir='ltr'>discipulorum</span> <span class='ocrx_word' id='word_1_194' title='bbox 777 1827 826 1863; x_wconf 90' lang='lat' dir='ltr'>ad</span> <span class='ocrx_word' id='word_1_195' title='bbox 845 1828 1000 1863; x_wconf 84' lang='lat' dir='ltr'>scholas</span> <span class='ocrx_word' id='word_1_196' title='bbox 1019 1828 1107 1874; x_wconf 89' lang='lat' dir='ltr'>Epi-</span> 
     </span>
     <span class='ocr_line' id='line_1_35' title="bbox 146 1881 1108 1929; baseline 0.001 -14"><span class='ocrx_word' id='word_1_197' title='bbox 146 1891 357 1927; x_wconf 88' lang='lat' dir='ltr'>scoporum</span> <span class='ocrx_word' id='word_1_198' title='bbox 385 1881 576 1917; x_wconf 85' lang='lat' dir='ltr'>obnoxias</span> <span class='ocrx_word' id='word_1_199' title='bbox 605 1883 805 1929; x_wconf 87' lang='lat' dir='ltr'>potestati,</span> <span class='ocrx_word' id='word_1_200' title='bbox 832 1882 960 1929; x_wconf 91' lang='lat' dir='ltr'>Belgii</span> <span class='ocrx_word' id='word_1_201' title='bbox 987 1882 1108 1917; x_wconf 88' lang='lat' dir='ltr'>admi-</span> 
     </span>
     <span class='ocr_line' id='line_1_36' title="bbox 145 1933 1106 1983; baseline 0.004 -15"><span class='ocrx_word' id='word_1_202' title='bbox 145 1933 289 1978; x_wconf 90' lang='lat' dir='ltr'>nister,</span> <span class='ocrx_word' id='word_1_203' title='bbox 318 1934 380 1982; x_wconf 86' lang='lat' dir='ltr'>qui</span> <span class='ocrx_word' id='word_1_204' title='bbox 409 1940 597 1971; x_wconf 86' lang='lat' dir='ltr'>externas</span> <span class='ocrx_word' id='word_1_205' title='bbox 624 1936 738 1983; x_wconf 88' lang='lat' dir='ltr'>regni</span> <span class='ocrx_word' id='word_1_206' title='bbox 766 1937 941 1972; x_wconf 88' lang='lat' dir='ltr'>rationes</span> <span class='ocrx_word' id='word_1_207' title='bbox 970 1947 1106 1983; x_wconf 89' lang='lat' dir='ltr'>procu-</span> 
     </span>
     <span class='ocr_line' id='line_1_37' title="bbox 147 1990 1106 2038; baseline 0.001 -14"><span class='ocrx_word' id='word_1_208' title='bbox 147 1993 234 2031; x_wconf 88' lang='lat' dir='ltr'>rat,</span> <span class='ocrx_word' id='word_1_209' title='bbox 264 1990 458 2036; x_wconf 89' lang='lat' dir='ltr'>quaesivit</span> <span class='ocrx_word' id='word_1_210' title='bbox 490 1990 741 2026; x_wconf 86' lang='lat' dir='ltr'>occasionem</span> <span class='ocrx_word' id='word_1_211' title='bbox 777 1990 990 2027; x_wconf 89' lang='lat' dir='ltr'>accusandi</span> <span class='ocrx_word' id='word_1_212' title='bbox 1017 1990 1106 2038; x_wconf 85' lang='lat' dir='ltr'>Epi—</span> 
     </span>
     <span class='ocr_line' id='line_1_38' title="bbox 146 2042 1105 2092; baseline 0.002 -13"><span class='ocrx_word' id='word_1_213' title='bbox 146 2054 287 2089; x_wconf 87' lang='lat' dir='ltr'>scopos</span> <span class='ocrx_word' id='word_1_214' title='bbox 307 2042 409 2089; x_wconf 87' lang='lat' dir='ltr'>apud</span> <span class='ocrx_word' id='word_1_215' title='bbox 428 2043 662 2080; x_wconf 87' lang='lat' dir='ltr'>Pontificem</span> <span class='ocrx_word' id='word_1_216' title='bbox 685 2046 890 2080; x_wconf 83' lang='lat' dir='ltr'>Summum</span> <span class='ocrx_word' id='word_1_217' title='bbox 917 2046 1027 2092; x_wconf 89' lang='lat' dir='ltr'>quasi</span> <span class='ocrx_word' id='word_1_218' title='bbox 1047 2057 1105 2081; x_wconf 85' lang='lat' dir='ltr'>re-</span> 
     </span>
     <span class='ocr_line' id='line_1_39' title="bbox 146 2098 1106 2145; baseline 0.003 -13"><span class='ocrx_word' id='word_1_219' title='bbox 146 2108 265 2144; x_wconf 86' lang='lat' dir='ltr'>gnum</span> <span class='ocrx_word' id='word_1_220' title='bbox 286 2098 368 2133; x_wconf 86' lang='lat' dir='ltr'>suis</span> <span class='ocrx_word' id='word_1_221' title='bbox 387 2098 549 2145; x_wconf 88' lang='lat' dir='ltr'>scriptis</span> <span class='ocrx_word' id='word_1_222' title='bbox 574 2099 872 2144; x_wconf 88' lang='lat' dir='ltr'>perturbarent,</span> <span class='ocrx_word' id='word_1_223' title='bbox 893 2104 932 2135; x_wconf 88' lang='lat' dir='ltr'>et</span> <span class='ocrx_word' id='word_1_224' title='bbox 959 2100 1106 2135; x_wconf 91' lang='lat' dir='ltr'>instan—</span> 
     </span>
     <span class='ocr_line' id='line_1_40' title="bbox 149 2151 1106 2199; baseline 0.004 -13"><span class='ocrx_word' id='word_1_225' title='bbox 149 2156 208 2187; x_wconf 87' lang='lat' dir='ltr'>ter</span> <span class='ocrx_word' id='word_1_226' title='bbox 230 2151 341 2197; x_wconf 88' lang='lat' dir='ltr'>petiit</span> <span class='ocrx_word' id='word_1_227' title='bbox 360 2162 383 2187; x_wconf 92' lang='lat' dir='ltr'>a</span> <span class='ocrx_word' id='word_1_228' title='bbox 402 2151 619 2195; x_wconf 84' lang='lat' dir='ltr'>Cardinali‚</span> <span class='ocrx_word' id='word_1_229' title='bbox 641 2152 703 2199; x_wconf 79' lang='lat' dir='ltr'>qui</span> <span class='ocrx_word' id='word_1_230' title='bbox 725 2157 785 2189; x_wconf 89' lang='lat' dir='ltr'>est</span> <span class='ocrx_word' id='word_1_231' title='bbox 802 2152 983 2188; x_wconf 87' lang='lat' dir='ltr'>Pontifici</span> <span class='ocrx_word' id='word_1_232' title='bbox 1001 2164 1023 2189; x_wconf 91' lang='lat' dir='ltr'>a</span> <span class='ocrx_word' id='word_1_233' title='bbox 1039 2154 1106 2190; x_wconf 85' lang='lat' dir='ltr'>Se-</span> 
     </span>
     <span class='ocr_line' id='line_1_41' title="bbox 147 2206 1100 2254; baseline 0.003 -13"><span class='ocrx_word' id='word_1_234' title='bbox 147 2207 294 2250; x_wconf 82' lang='lat' dir='ltr'>cretis,</span> <span class='ocrx_word' id='word_1_235' title='bbox 327 2210 370 2242; x_wconf 92' lang='lat' dir='ltr'>ut</span> <span class='ocrx_word' id='word_1_236' title='bbox 404 2206 692 2254; x_wconf 89' lang='lat' dir='ltr'>Episcoporum</span> <span class='ocrx_word' id='word_1_237' title='bbox 728 2207 870 2254; x_wconf 88' lang='lat' dir='ltr'>agendi</span> <span class='ocrx_word' id='word_1_238' title='bbox 905 2208 1100 2244; x_wconf 89' lang='lat' dir='ltr'>rationem</span> 
     </span>
     <span class='ocr_line' id='line_1_42' title="bbox 147 2260 1103 2308; baseline 0.003 -13"><span class='ocrx_word' id='word_1_239' title='bbox 147 2260 396 2307; x_wconf 88' lang='lat' dir='ltr'>reprobaret,</span> <span class='ocrx_word' id='word_1_240' title='bbox 428 2272 570 2308; x_wconf 88' lang='lat' dir='ltr'>eosque</span> <span class='ocrx_word' id='word_1_241' title='bbox 605 2261 654 2296; x_wconf 89' lang='lat' dir='ltr'>ad</span> <span class='ocrx_word' id='word_1_242' title='bbox 682 2262 879 2298; x_wconf 88' lang='lat' dir='ltr'>mitiorem</span> <span class='ocrx_word' id='word_1_243' title='bbox 909 2263 1103 2299; x_wconf 86' lang='lat' dir='ltr'>scribendi</span> 
     </span>
     <span class='ocr_line' id='line_1_43' title="bbox 147 2313 563 2351; baseline 0 -3"><span class='ocrx_word' id='word_1_244' title='bbox 147 2313 315 2349; x_wconf 86' lang='lat' dir='ltr'>sormam</span> <span class='ocrx_word' id='word_1_245' title='bbox 344 2314 563 2351; x_wconf 80' lang='lat' dir='ltr'>induceret.</span> 
     </span>
    </p>

    <p class='ocr_par' dir='ltr' id='par_1_8' title="bbox 145 2368 1108 3282">
     <span class='ocr_line' id='line_1_44' title="bbox 195 2368 1103 2415; baseline 0.003 -12"><span class='ocrx_word' id='word_1_246' title='bbox 195 2368 269 2403; x_wconf 87' lang='lat' dir='ltr'>Sed</span> <span class='ocrx_word' id='word_1_247' title='bbox 292 2369 521 2415; x_wconf 78' lang='lat' dir='ltr'>Apostolica</span> <span class='ocrx_word' id='word_1_248' title='bbox 541 2369 682 2411; x_wconf 84' lang='lat' dir='ltr'>Sedes,</span> <span class='ocrx_word' id='word_1_249' title='bbox 704 2369 813 2405; x_wconf 88' lang='lat' dir='ltr'>cuius</span> <span class='ocrx_word' id='word_1_250' title='bbox 839 2374 899 2406; x_wconf 91' lang='lat' dir='ltr'>est</span> <span class='ocrx_word' id='word_1_251' title='bbox 917 2370 1103 2406; x_wconf 87' lang='lat' dir='ltr'>iustitiam</span> 
     </span>
     <span class='ocr_line' id='line_1_45' title="bbox 148 2422 1107 2472; baseline 0.003 -15"><span class='ocrx_word' id='word_1_252' title='bbox 148 2422 183 2457; x_wconf 93' lang='lat' dir='ltr'>in</span> <span class='ocrx_word' id='word_1_253' title='bbox 212 2423 392 2459; x_wconf 86' lang='lat' dir='ltr'>omnibus</span> <span class='ocrx_word' id='word_1_254' title='bbox 420 2434 600 2467; x_wconf 86' lang='lat' dir='ltr'>servare,</span> <span class='ocrx_word' id='word_1_255' title='bbox 622 2424 863 2459; x_wconf 89' lang='lat' dir='ltr'>calumniam</span> <span class='ocrx_word' id='word_1_256' title='bbox 892 2424 930 2459; x_wconf 89' lang='lat' dir='ltr'>in</span> <span class='ocrx_word' id='word_1_257' title='bbox 948 2425 1107 2472; x_wconf 86' lang='lat' dir='ltr'>Episco-</span> 
     </span>
     <span class='ocr_line' id='line_1_46' title="bbox 148 2477 1104 2525; baseline 0.003 -14"><span class='ocrx_word' id='word_1_258' title='bbox 148 2488 217 2524; x_wconf 88' lang='lat' dir='ltr'>pos</span> <span class='ocrx_word' id='word_1_259' title='bbox 243 2477 403 2513; x_wconf 84' lang='lat' dir='ltr'>obtrivit</span> <span class='ocrx_word' id='word_1_260' title='bbox 422 2481 538 2525; x_wconf 89' lang='lat' dir='ltr'>atque</span> <span class='ocrx_word' id='word_1_261' title='bbox 567 2478 733 2522; x_wconf 83' lang='lat' dir='ltr'>obtudit,</span> <span class='ocrx_word' id='word_1_262' title='bbox 753 2489 871 2514; x_wconf 87' lang='lat' dir='ltr'>veros</span> <span class='ocrx_word' id='word_1_263' title='bbox 902 2479 1104 2525; x_wconf 88' lang='lat' dir='ltr'>perturba-</span> 
     </span>
     <span class='ocr_line' id='line_1_47' title="bbox 149 2531 1106 2579; baseline 0.003 -13"><span class='ocrx_word' id='word_1_264' title='bbox 149 2531 264 2567; x_wconf 87' lang='lat' dir='ltr'>tionis</span> <span class='ocrx_word' id='word_1_265' title='bbox 292 2536 480 2568; x_wconf 85' lang='lat' dir='ltr'>auctores</span> <span class='ocrx_word' id='word_1_266' title='bbox 507 2544 575 2569; x_wconf 87' lang='lat' dir='ltr'>cos</span> <span class='ocrx_word' id='word_1_267' title='bbox 596 2532 786 2576; x_wconf 85' lang='lat' dir='ltr'>indicans,</span> <span class='ocrx_word' id='word_1_268' title='bbox 805 2532 870 2579; x_wconf 90' lang='lat' dir='ltr'>qui</span> <span class='ocrx_word' id='word_1_269' title='bbox 890 2533 1033 2579; x_wconf 82' lang='lat' dir='ltr'>absque</span> <span class='ocrx_word' id='word_1_270' title='bbox 1054 2534 1106 2569; x_wconf 92' lang='lat' dir='ltr'>iu·</span> 
     </span>
     <span class='ocr_line' id='line_1_48' title="bbox 149 2587 1108 2634; baseline 0.003 -13"><span class='ocrx_word' id='word_1_271' title='bbox 149 2592 209 2621; x_wconf 87' lang='lat' dir='ltr'>sta</span> <span class='ocrx_word' id='word_1_272' title='bbox 228 2597 348 2622; x_wconf 88' lang='lat' dir='ltr'>causa</span> <span class='ocrx_word' id='word_1_273' title='bbox 368 2588 550 2634; x_wconf 83' lang='lat' dir='ltr'>antiquas</span> <span class='ocrx_word' id='word_1_274' title='bbox 570 2587 699 2633; x_wconf 85' lang='lat' dir='ltr'>Belgii</span> <span class='ocrx_word' id='word_1_275' title='bbox 720 2587 829 2634; x_wconf 86' lang='lat' dir='ltr'>leges</span> <span class='ocrx_word' id='word_1_276' title='bbox 847 2587 1108 2624; x_wconf 88' lang='lat' dir='ltr'>scholasticas</span> 
     </span>
     <span class='ocr_line' id='line_1_49' title="bbox 148 2640 1107 2677; baseline 0.002 -3"><span class='ocrx_word' id='word_1_277' title='bbox 148 2644 348 2676; x_wconf 79' lang='lat' dir='ltr'>mutantes</span> <span class='ocrx_word' id='word_1_278' title='bbox 387 2641 533 2676; x_wconf 88' lang='lat' dir='ltr'>civium</span> <span class='ocrx_word' id='word_1_279' title='bbox 573 2641 725 2676; x_wconf 87' lang='lat' dir='ltr'>animos</span> <span class='ocrx_word' id='word_1_280' title='bbox 766 2640 981 2676; x_wconf 77' lang='lat' dir='ltr'>dissociare</span> <span class='ocrx_word' id='word_1_281' title='bbox 1023 2641 1107 2677; x_wconf 89' lang='lat' dir='ltr'>ausi</span> 
     </span>
     <span class='ocr_line' id='line_1_50' title="bbox 145 2694 1104 2742; baseline 0.002 -14"><span class='ocrx_word' id='word_1_282' title='bbox 145 2698 248 2729; x_wconf 84' lang='lat' dir='ltr'>sunt.</span> <span class='ocrx_word' id='word_1_283' title='bbox 278 2695 461 2731; x_wconf 86' lang='lat' dir='ltr'>Summus</span> <span class='ocrx_word' id='word_1_284' title='bbox 489 2695 671 2731; x_wconf 85' lang='lat' dir='ltr'>Pontifex</span> <span class='ocrx_word' id='word_1_285' title='bbox 704 2696 784 2730; x_wconf 92' lang='lat' dir='ltr'>Leo</span> <span class='ocrx_word' id='word_1_286' title='bbox 813 2694 881 2742; x_wconf 86' lang='lat' dir='ltr'>Pp.</span> <span class='ocrx_word' id='word_1_287' title='bbox 912 2695 1000 2730; x_wconf 87' lang='lat' dir='ltr'>XIII</span> <span class='ocrx_word' id='word_1_288' title='bbox 1030 2707 1104 2730; x_wconf 90' lang='lat' dir='ltr'>non</span> 
     </span>
     <span class='ocr_line' id='line_1_51' title="bbox 146 2748 1103 2797; baseline 0.003 -15"><span class='ocrx_word' id='word_1_289' title='bbox 146 2749 268 2784; x_wconf 88' lang='lat' dir='ltr'>semel</span> <span class='ocrx_word' id='word_1_290' title='bbox 297 2749 343 2785; x_wconf 89' lang='lat' dir='ltr'>de</span> <span class='ocrx_word' id='word_1_291' title='bbox 372 2749 444 2785; x_wconf 81' lang='lat' dir='ltr'>liae</span> <span class='ocrx_word' id='word_1_292' title='bbox 464 2750 553 2797; x_wconf 88' lang='lat' dir='ltr'>lege</span> <span class='ocrx_word' id='word_1_293' title='bbox 571 2749 731 2796; x_wconf 86' lang='lat' dir='ltr'>scripsit</span> <span class='ocrx_word' id='word_1_294' title='bbox 750 2748 798 2785; x_wconf 90' lang='lat' dir='ltr'>ad</span> <span class='ocrx_word' id='word_1_295' title='bbox 814 2749 1054 2796; x_wconf 91' lang='lat' dir='ltr'>Leopoldum</span> <span class='ocrx_word' id='word_1_296' title='bbox 1076 2750 1103 2785; x_wconf 93' lang='lat' dir='ltr'>II</span> 
     </span>
     <span class='ocr_line' id='line_1_52' title="bbox 149 2802 1103 2852; baseline 0.002 -16"><span class='ocrx_word' id='word_1_297' title='bbox 149 2802 362 2849; x_wconf 79' lang='lat' dir='ltr'>Belgarum</span> <span class='ocrx_word' id='word_1_298' title='bbox 404 2815 574 2852; x_wconf 86' lang='lat' dir='ltr'>regem,</span> <span class='ocrx_word' id='word_1_299' title='bbox 607 2808 746 2851; x_wconf 86' lang='lat' dir='ltr'>aperte</span> <span class='ocrx_word' id='word_1_300' title='bbox 780 2803 990 2839; x_wconf 88' lang='lat' dir='ltr'>declarans</span> <span class='ocrx_word' id='word_1_301' title='bbox 1017 2814 1103 2839; x_wconf 90' lang='lat' dir='ltr'>eam</span> 
     </span>
     <span class='ocr_line' id='line_1_53' title="bbox 148 2857 1107 2904; baseline 0.001 -13"><span class='ocrx_word' id='word_1_302' title='bbox 148 2867 387 2903; x_wconf 81' lang='lat' dir='ltr'>magnopere</span> <span class='ocrx_word' id='word_1_303' title='bbox 416 2859 634 2894; x_wconf 81' lang='lat' dir='ltr'>catholicae</span> <span class='ocrx_word' id='word_1_304' title='bbox 655 2857 862 2894; x_wconf 84' lang='lat' dir='ltr'>doctrinae</span> <span class='ocrx_word' id='word_1_305' title='bbox 884 2857 1107 2904; x_wconf 79' lang='lat' dir='ltr'>praeceptis</span> 
     </span>
     <span class='ocr_line' id='line_1_54' title="bbox 149 2911 1103 2960; baseline 0.002 -16"><span class='ocrx_word' id='word_1_306' title='bbox 149 2922 386 2958; x_wconf 82' lang='lat' dir='ltr'>repugnare,</span> <span class='ocrx_word' id='word_1_307' title='bbox 416 2913 678 2960; x_wconf 76' lang='lat' dir='ltr'>perniciosam</span> <span class='ocrx_word' id='word_1_308' title='bbox 709 2911 1022 2948; x_wconf 82' lang='lat' dir='ltr'>adolescentium</span> <span class='ocrx_word' id='word_1_309' title='bbox 1052 2911 1103 2946; x_wconf 91' lang='lat' dir='ltr'>in-</span> 
     </span>
     <span class='ocr_line' id='line_1_55' title="bbox 147 2965 1103 3013; baseline 0.004 -16"><span class='ocrx_word' id='word_1_310' title='bbox 147 2965 335 3001; x_wconf 71' lang='lat' dir='ltr'>stitutioni</span> <span class='ocrx_word' id='word_1_311' title='bbox 353 2979 455 3011; x_wconf 72' lang='lat' dir='ltr'>esse,</span> <span class='ocrx_word' id='word_1_312' title='bbox 468 2967 544 3002; x_wconf 88' lang='lat' dir='ltr'>imo</span> <span class='ocrx_word' id='word_1_313' title='bbox 561 2967 661 3002; x_wconf 82' lang='lat' dir='ltr'>liaud</span> <span class='ocrx_word' id='word_1_314' title='bbox 681 2978 818 3013; x_wconf 86' lang='lat' dir='ltr'>parum</span> <span class='ocrx_word' id='word_1_315' title='bbox 833 2966 1103 3002; x_wconf 86' lang='lat' dir='ltr'>calamitosam</span> 
     </span>
     <span class='ocr_line' id='line_1_56' title="bbox 149 3021 1105 3068; baseline 0.003 -16"><span class='ocrx_word' id='word_1_316' title='bbox 149 3030 269 3065; x_wconf 83' lang='lat' dir='ltr'>regno</span> <span class='ocrx_word' id='word_1_317' title='bbox 299 3021 485 3057; x_wconf 79' lang='lat' dir='ltr'>suturam.</span> <span class='ocrx_word' id='word_1_318' title='bbox 507 3021 793 3063; x_wconf 81' lang='lat' dir='ltr'>Nihilominus,</span> <span class='ocrx_word' id='word_1_319' title='bbox 814 3021 943 3068; x_wconf 89' lang='lat' dir='ltr'>legem</span> <span class='ocrx_word' id='word_1_320' title='bbox 973 3031 1105 3066; x_wconf 86' lang='lat' dir='ltr'>repro-</span> 
     </span>
     <span class='ocr_line' id='line_1_57' title="bbox 149 3072 1103 3122; baseline 0.005 -17"><span class='ocrx_word' id='word_1_321' title='bbox 149 3072 242 3108; x_wconf 78' lang='lat' dir='ltr'>bans</span> <span class='ocrx_word' id='word_1_322' title='bbox 260 3103 267 3117; x_wconf 97' lang='lat'>,</span> <span class='ocrx_word' id='word_1_323' title='bbox 295 3080 335 3111; x_wconf 89' lang='lat' dir='ltr'>et</span> <span class='ocrx_word' id='word_1_324' title='bbox 370 3075 655 3122; x_wconf 79' lang='lat' dir='ltr'>patientissime</span> <span class='ocrx_word' id='word_1_325' title='bbox 693 3086 817 3121; x_wconf 84' lang='lat' dir='ltr'>agens</span> <span class='ocrx_word' id='word_1_326' title='bbox 838 3103 845 3116; x_wconf 92' lang='lat'>,</span> <span class='ocrx_word' id='word_1_327' title='bbox 874 3075 1103 3121; x_wconf 86' lang='lat' dir='ltr'>Episcopis,</span> 
     </span>
     <span class='ocr_line' id='line_1_58' title="bbox 147 3128 1102 3172; baseline 0.003 -12"><span class='ocrx_word' id='word_1_328' title='bbox 147 3138 312 3172; x_wconf 77' lang='lat' dir='ltr'>&lt;piorum</span> <span class='ocrx_word' id='word_1_329' title='bbox 335 3131 461 3165; x_wconf 76' lang='lat' dir='ltr'>zelum</span> <span class='ocrx_word' id='word_1_330' title='bbox 486 3130 663 3166; x_wconf 77' lang='lat' dir='ltr'>laudibus</span> <span class='ocrx_word' id='word_1_331' title='bbox 683 3128 837 3170; x_wconf 82' lang='lat' dir='ltr'>extulit,</span> <span class='ocrx_word' id='word_1_332' title='bbox 859 3132 998 3164; x_wconf 86' lang='lat' dir='ltr'>auctor</span> <span class='ocrx_word' id='word_1_333' title='bbox 1018 3128 1102 3170; x_wconf 83' lang='lat' dir='ltr'>suit,</span> 
     </span>
     <span class='ocr_line' id='line_1_59' title="bbox 148 3180 1103 3230; baseline 0 -12"><span class='ocrx_word' id='word_1_334' title='bbox 148 3184 190 3214; x_wconf 76' lang='lat' dir='ltr'>ut</span> <span class='ocrx_word' id='word_1_335' title='bbox 217 3180 251 3214; x_wconf 75' lang='lat' dir='ltr'>in</span> <span class='ocrx_word' id='word_1_336' title='bbox 280 3184 518 3230; x_wconf 80' lang='lat' dir='ltr'>exequendis</span> <span class='ocrx_word' id='word_1_337' title='bbox 544 3183 716 3220; x_wconf 83' lang='lat' dir='ltr'>decretis</span> <span class='ocrx_word' id='word_1_338' title='bbox 743 3183 851 3217; x_wconf 85' lang='lat' dir='ltr'>circa</span> <span class='ocrx_word' id='word_1_339' title='bbox 878 3181 1103 3218; x_wconf 87' lang='lat' dir='ltr'>adolescen-</span> 
     </span>
     <span class='ocr_line' id='line_1_60' title="bbox 151 3234 1104 3282; baseline 0.005 -15"><span class='ocrx_word' id='word_1_340' title='bbox 151 3234 243 3268; x_wconf 86' lang='lat' dir='ltr'>tium</span> <span class='ocrx_word' id='word_1_341' title='bbox 271 3235 515 3282; x_wconf 75' lang='lat' dir='ltr'>disciplinam</span> <span class='ocrx_word' id='word_1_342' title='bbox 549 3250 572 3274; x_wconf 90' lang='lat' dir='ltr'>a</span> <span class='ocrx_word' id='word_1_343' title='bbox 609 3236 880 3273; x_wconf 86' lang='lat' dir='ltr'>moderatione</span> <span class='ocrx_word' id='word_1_344' title='bbox 908 3240 948 3272; x_wconf 89' lang='lat' dir='ltr'>et</span> <span class='ocrx_word' id='word_1_345' title='bbox 974 3237 1104 3273; x_wconf 91' lang='lat' dir='ltr'>suavi-</span> 
     </span>
    </p>
   </div>
   <div class='ocr_carea' id='block_1_7' title="bbox 1153 315 2118 2967">
    <p class='ocr_par' dir='ltr' id='par_1_9' title="bbox 1153 315 2118 2303">
     <span class='ocr_line' id='line_1_61' title="bbox 1155 315 2111 363; baseline 0.002 -13"><span class='ocrx_word' id='word_1_346' title='bbox 1155 315 1371 363; x_wconf 81' lang='lat' dir='ltr'>Episcopi3</span> <span class='ocrx_word' id='word_1_347' title='bbox 1407 321 1615 357; x_wconf 80' lang='lat' dir='ltr'>attamen,</span> <span class='ocrx_word' id='word_1_348' title='bbox 1651 328 1701 352; x_wconf 88' lang='lat' dir='ltr'>ex</span> <span class='ocrx_word' id='word_1_349' title='bbox 1736 317 1930 353; x_wconf 88' lang='lat' dir='ltr'>sententia</span> <span class='ocrx_word' id='word_1_350' title='bbox 1956 320 2111 353; x_wconf 85' lang='lat' dir='ltr'>curato-</span> 
     </span>
     <span class='ocr_line' id='line_1_62' title="bbox 1156 370 2111 417; baseline 0.004 -14"><span class='ocrx_word' id='word_1_351' title='bbox 1156 381 1243 404; x_wconf 90' lang='lat' dir='ltr'>rum</span> <span class='ocrx_word' id='word_1_352' title='bbox 1278 381 1413 405; x_wconf 89' lang='lat' dir='ltr'>rerum</span> <span class='ocrx_word' id='word_1_353' title='bbox 1457 370 1740 417; x_wconf 86' lang='lat' dir='ltr'>Belgicarum,</span> <span class='ocrx_word' id='word_1_354' title='bbox 1783 372 1992 417; x_wconf 88' lang='lat' dir='ltr'>oportebat</span> <span class='ocrx_word' id='word_1_355' title='bbox 2026 371 2111 408; x_wconf 91' lang='lat' dir='ltr'>illos</span> 
     </span>
     <span class='ocr_line' id='line_1_63' title="bbox 1156 423 2109 471; baseline 0.003 -14"><span class='ocrx_word' id='word_1_356' title='bbox 1156 433 1179 457; x_wconf 89' lang='lat' dir='ltr'>a</span> <span class='ocrx_word' id='word_1_357' title='bbox 1206 424 1365 459; x_wconf 87' lang='lat' dir='ltr'>Summo</span> <span class='ocrx_word' id='word_1_358' title='bbox 1393 423 1585 459; x_wconf 90' lang='lat' dir='ltr'>Pontifice</span> <span class='ocrx_word' id='word_1_359' title='bbox 1613 424 1861 471; x_wconf 89' lang='lat' dir='ltr'>reprehendi.</span> <span class='ocrx_word' id='word_1_360' title='bbox 1892 424 2003 465; x_wconf 85' lang='lat' dir='ltr'>Quod</span> <span class='ocrx_word' id='word_1_361' title='bbox 2022 436 2109 460; x_wconf 92' lang='lat' dir='ltr'>cum</span> 
     </span>
     <span class='ocr_line' id='line_1_64' title="bbox 1154 475 2111 524; baseline 0.004 -14"><span class='ocrx_word' id='word_1_362' title='bbox 1154 475 1323 512; x_wconf 86' lang='lat' dir='ltr'>firmiter</span> <span class='ocrx_word' id='word_1_363' title='bbox 1348 478 1428 513; x_wconf 91' lang='lat' dir='ltr'>Leo</span> <span class='ocrx_word' id='word_1_364' title='bbox 1458 476 1530 524; x_wconf 82' lang='lat' dir='ltr'>Pp.</span> <span class='ocrx_word' id='word_1_365' title='bbox 1558 477 1648 513; x_wconf 90' lang='lat' dir='ltr'>XIII</span> <span class='ocrx_word' id='word_1_366' title='bbox 1676 489 1718 513; x_wconf 90' lang='lat' dir='ltr'>se</span> <span class='ocrx_word' id='word_1_367' title='bbox 1746 478 1945 513; x_wconf 84' lang='lat' dir='ltr'>facturum</span> <span class='ocrx_word' id='word_1_368' title='bbox 1971 489 2111 524; x_wconf 86' lang='lat' dir='ltr'>negas-</span> 
     </span>
     <span class='ocr_line' id='line_1_65' title="bbox 1156 529 2111 578; baseline 0.003 -14"><span class='ocrx_word' id='word_1_369' title='bbox 1156 534 1229 573; x_wconf 85' lang='lat' dir='ltr'>set,</span> <span class='ocrx_word' id='word_1_370' title='bbox 1258 529 1406 566; x_wconf 89' lang='lat' dir='ltr'>idcirco</span> <span class='ocrx_word' id='word_1_371' title='bbox 1425 530 1598 567; x_wconf 85' lang='lat' dir='ltr'>officiose</span> <span class='ocrx_word' id='word_1_372' title='bbox 1616 531 1821 578; x_wconf 86' lang='lat' dir='ltr'>amiceque</span> <span class='ocrx_word' id='word_1_373' title='bbox 1849 542 1936 567; x_wconf 90' lang='lat' dir='ltr'>cum</span> <span class='ocrx_word' id='word_1_374' title='bbox 1963 531 2020 566; x_wconf 94' lang='lat' dir='ltr'>Eo</span> <span class='ocrx_word' id='word_1_375' title='bbox 2047 531 2111 578; x_wconf 85' lang='lat' dir='ltr'>agi</span> 
     </span>
     <span class='ocr_line' id='line_1_66' title="bbox 1153 582 2106 632; baseline 0.003 -15"><span class='ocrx_word' id='word_1_376' title='bbox 1153 582 1321 619; x_wconf 88' lang='lat' dir='ltr'>desitum</span> <span class='ocrx_word' id='word_1_377' title='bbox 1349 587 1423 628; x_wconf 90' lang='lat' dir='ltr'>est,</span> <span class='ocrx_word' id='word_1_378' title='bbox 1443 588 1483 620; x_wconf 87' lang='lat' dir='ltr'>et</span> <span class='ocrx_word' id='word_1_379' title='bbox 1509 584 1665 631; x_wconf 85' lang='lat' dir='ltr'>insigni,</span> <span class='ocrx_word' id='word_1_380' title='bbox 1682 585 1825 632; x_wconf 86' lang='lat' dir='ltr'>vixque</span> <span class='ocrx_word' id='word_1_381' title='bbox 1851 584 1950 620; x_wconf 88' lang='lat' dir='ltr'>alias</span> <span class='ocrx_word' id='word_1_382' title='bbox 1969 584 2106 620; x_wconf 85' lang='lat' dir='ltr'>audito</span> 
     </span>
     <span class='ocr_line' id='line_1_67' title="bbox 1156 637 2110 685; baseline 0.004 -14"><span class='ocrx_word' id='word_1_383' title='bbox 1156 637 1432 674; x_wconf 87' lang='lat' dir='ltr'>illiberalitatis</span> <span class='ocrx_word' id='word_1_384' title='bbox 1459 639 1666 685; x_wconf 86' lang='lat' dir='ltr'>exemplo,</span> <span class='ocrx_word' id='word_1_385' title='bbox 1702 651 1837 675; x_wconf 89' lang='lat' dir='ltr'>mense</span> <span class='ocrx_word' id='word_1_386' title='bbox 1871 639 1966 675; x_wconf 90' lang='lat' dir='ltr'>iunii</span> <span class='ocrx_word' id='word_1_387' title='bbox 1993 639 2084 676; x_wconf 87' lang='lat'>1880</span> <span class='ocrx_word' id='word_1_388' title='bbox 2101 667 2110 683; x_wconf 92' lang='lat'>,</span> 
     </span>
     <span class='ocr_line' id='line_1_68' title="bbox 1155 690 2109 739; baseline 0.003 -14"><span class='ocrx_word' id='word_1_389' title='bbox 1155 690 1357 728; x_wconf 88' lang='lat' dir='ltr'>Pontificis</span> <span class='ocrx_word' id='word_1_390' title='bbox 1390 694 1562 739; x_wconf 89' lang='lat' dir='ltr'>Legatus</span> <span class='ocrx_word' id='word_1_391' title='bbox 1588 692 1783 730; x_wconf 84' lang='lat' dir='ltr'>excedere</span> <span class='ocrx_word' id='word_1_392' title='bbox 1816 693 1942 739; x_wconf 88' lang='lat' dir='ltr'>Belgii</span> <span class='ocrx_word' id='word_1_393' title='bbox 1968 693 2109 728; x_wconf 86' lang='lat' dir='ltr'>finibus</span> 
     </span>
     <span class='ocr_line' id='line_1_69' title="bbox 1156 745 2108 793; baseline 0.002 -13"><span class='ocrx_word' id='word_1_394' title='bbox 1156 745 1281 781; x_wconf 89' lang='lat' dir='ltr'>iussus</span> <span class='ocrx_word' id='word_1_395' title='bbox 1308 751 1391 787; x_wconf 86' lang='lat' dir='ltr'>est,</span> <span class='ocrx_word' id='word_1_396' title='bbox 1421 751 1461 782; x_wconf 91' lang='lat' dir='ltr'>et</span> <span class='ocrx_word' id='word_1_397' title='bbox 1486 747 1702 793; x_wconf 87' lang='lat' dir='ltr'>Belgarum</span> <span class='ocrx_word' id='word_1_398' title='bbox 1729 746 1876 782; x_wconf 87' lang='lat' dir='ltr'>Orator</span> <span class='ocrx_word' id='word_1_399' title='bbox 1902 746 2005 793; x_wconf 90' lang='lat' dir='ltr'>apud</span> <span class='ocrx_word' id='word_1_400' title='bbox 2032 746 2108 782; x_wconf 86' lang='lat' dir='ltr'>Ro-</span> 
     </span>
     <span class='ocr_line' id='line_1_70' title="bbox 1157 799 2109 847; baseline 0.002 -13"><span class='ocrx_word' id='word_1_401' title='bbox 1157 810 1317 835; x_wconf 88' lang='lat' dir='ltr'>manam</span> <span class='ocrx_word' id='word_1_402' title='bbox 1341 799 1484 836; x_wconf 89' lang='lat' dir='ltr'>Sedem</span> <span class='ocrx_word' id='word_1_403' title='bbox 1504 807 1728 836; x_wconf 86' lang='lat' dir='ltr'>revocatus.</span> <span class='ocrx_word' id='word_1_404' title='bbox 1748 801 1867 838; x_wconf 90' lang='lat' dir='ltr'>Cuius</span> <span class='ocrx_word' id='word_1_405' title='bbox 1886 800 2002 847; x_wconf 89' lang='lat' dir='ltr'>longe</span> <span class='ocrx_word' id='word_1_406' title='bbox 2030 810 2109 836; x_wconf 89' lang='lat' dir='ltr'>ma-</span> 
     </span>
     <span class='ocr_line' id='line_1_71' title="bbox 1155 853 2112 901; baseline 0.002 -13"><span class='ocrx_word' id='word_1_407' title='bbox 1155 853 1287 890; x_wconf 87' lang='lat' dir='ltr'>ximae</span> <span class='ocrx_word' id='word_1_408' title='bbox 1314 854 1481 890; x_wconf 88' lang='lat' dir='ltr'>iniuriae</span> <span class='ocrx_word' id='word_1_409' title='bbox 1499 854 1751 901; x_wconf 85' lang='lat' dir='ltr'>Apostolicae</span> <span class='ocrx_word' id='word_1_410' title='bbox 1772 854 1861 890; x_wconf 88' lang='lat' dir='ltr'>Sedi</span> <span class='ocrx_word' id='word_1_411' title='bbox 1886 854 2112 901; x_wconf 85' lang='lat' dir='ltr'>impositae,</span> 
     </span>
     <span class='ocr_line' id='line_1_72' title="bbox 1158 907 2109 955; baseline -0.002 -11"><span class='ocrx_word' id='word_1_412' title='bbox 1158 909 1345 944; x_wconf 84' lang='lat' dir='ltr'>Summus</span> <span class='ocrx_word' id='word_1_413' title='bbox 1374 907 1556 944; x_wconf 86' lang='lat' dir='ltr'>Pontifex</span> <span class='ocrx_word' id='word_1_414' title='bbox 1583 915 1817 955; x_wconf 87' lang='lat' dir='ltr'>conquestus</span> <span class='ocrx_word' id='word_1_415' title='bbox 1849 913 1908 943; x_wconf 90' lang='lat' dir='ltr'>est</span> <span class='ocrx_word' id='word_1_416' title='bbox 1933 907 1973 942; x_wconf 91' lang='lat' dir='ltr'>in</span> <span class='ocrx_word' id='word_1_417' title='bbox 1999 907 2109 942; x_wconf 92' lang='lat' dir='ltr'>Allo-</span> 
     </span>
     <span class='ocr_line' id='line_1_73' title="bbox 1159 960 2104 1009; baseline -0.002 -12"><span class='ocrx_word' id='word_1_418' title='bbox 1159 961 1314 998; x_wconf 89' lang='lat' dir='ltr'>cutione</span> <span class='ocrx_word' id='word_1_419' title='bbox 1341 961 1472 997; x_wconf 86' lang='lat' dir='ltr'>habita</span> <span class='ocrx_word' id='word_1_420' title='bbox 1490 961 1552 997; x_wconf 90' lang='lat' dir='ltr'>die</span> <span class='ocrx_word' id='word_1_421' title='bbox 1579 961 1624 999; x_wconf 77' lang='lat'>20</span> <span class='ocrx_word' id='word_1_422' title='bbox 1651 961 1807 1009; x_wconf 86' lang='lat' dir='ltr'>augusti</span> <span class='ocrx_word' id='word_1_423' title='bbox 1827 960 1919 998; x_wconf 91' lang='lat'>1880</span> <span class='ocrx_word' id='word_1_424' title='bbox 1937 960 1984 996; x_wconf 91' lang='lat' dir='ltr'>ad</span> <span class='ocrx_word' id='word_1_425' title='bbox 2012 962 2104 999; x_wconf 89' lang='lat' dir='ltr'>Car-</span> 
     </span>
     <span class='ocr_line' id='line_1_74' title="bbox 1157 1014 2109 1063; baseline -0.001 -12"><span class='ocrx_word' id='word_1_426' title='bbox 1157 1015 1308 1051; x_wconf 88' lang='lat' dir='ltr'>dinales</span> <span class='ocrx_word' id='word_1_427' title='bbox 1336 1015 1373 1050; x_wconf 89' lang='lat' dir='ltr'>in</span> <span class='ocrx_word' id='word_1_428' title='bbox 1401 1016 1611 1052; x_wconf 88' lang='lat' dir='ltr'>Vaticano.</span> <span class='ocrx_word' id='word_1_429' title='bbox 1639 1016 1721 1052; x_wconf 90' lang='lat' dir='ltr'>Imo</span> <span class='ocrx_word' id='word_1_430' title='bbox 1740 1044 1748 1060; x_wconf 92' lang='lat'>,</span> <span class='ocrx_word' id='word_1_431' title='bbox 1774 1016 1959 1063; x_wconf 89' lang='lat' dir='ltr'>quoniam</span> <span class='ocrx_word' id='word_1_432' title='bbox 1988 1014 2109 1050; x_wconf 82' lang='lat' dir='ltr'>admi-</span> 
     </span>
     <span class='ocr_line' id='line_1_75' title="bbox 1158 1069 2114 1118; baseline -0.002 -13"><span class='ocrx_word' id='word_1_433' title='bbox 1158 1071 1393 1106; x_wconf 88' lang='lat' dir='ltr'>nistratores</span> <span class='ocrx_word' id='word_1_434' title='bbox 1433 1072 1489 1106; x_wconf 91' lang='lat' dir='ltr'>rei</span> <span class='ocrx_word' id='word_1_435' title='bbox 1527 1071 1743 1118; x_wconf 82' lang='lat' dir='ltr'>Belgarum</span> <span class='ocrx_word' id='word_1_436' title='bbox 1787 1070 1965 1117; x_wconf 84' lang='lat' dir='ltr'>publicae</span> <span class='ocrx_word' id='word_1_437' title='bbox 1999 1069 2114 1116; x_wconf 90' lang='lat' dir='ltr'>plura</span> 
     </span>
     <span class='ocr_line' id='line_1_76' title="bbox 1158 1122 2114 1172; baseline -0.001 -13"><span class='ocrx_word' id='word_1_438' title='bbox 1158 1124 1297 1161; x_wconf 89' lang='lat' dir='ltr'>deinde</span> <span class='ocrx_word' id='word_1_439' title='bbox 1323 1137 1395 1172; x_wconf 89' lang='lat' dir='ltr'>per</span> <span class='ocrx_word' id='word_1_440' title='bbox 1418 1125 1607 1172; x_wconf 87' lang='lat' dir='ltr'>ambages</span> <span class='ocrx_word' id='word_1_441' title='bbox 1636 1129 1676 1161; x_wconf 88' lang='lat' dir='ltr'>et</span> <span class='ocrx_word' id='word_1_442' title='bbox 1702 1124 1921 1160; x_wconf 87' lang='lat' dir='ltr'>calumnias</span> <span class='ocrx_word' id='word_1_443' title='bbox 1947 1122 2114 1166; x_wconf 87' lang='lat' dir='ltr'>causati,</span> 
     </span>
     <span class='ocr_line' id='line_1_77' title="bbox 1161 1178 2109 1227; baseline -0.001 -14"><span class='ocrx_word' id='word_1_444' title='bbox 1161 1179 1318 1227; x_wconf 86' lang='lat' dir='ltr'>indigne</span> <span class='ocrx_word' id='word_1_445' title='bbox 1346 1181 1493 1216; x_wconf 81' lang='lat' dir='ltr'>factum</span> <span class='ocrx_word' id='word_1_446' title='bbox 1520 1184 1657 1227; x_wconf 86' lang='lat' dir='ltr'>tegere</span> <span class='ocrx_word' id='word_1_447' title='bbox 1679 1179 1788 1215; x_wconf 73' lang='lat' dir='ltr'>falsis</span> <span class='ocrx_word' id='word_1_448' title='bbox 1807 1178 2029 1214; x_wconf 88' lang='lat' dir='ltr'>nominibus</span> <span class='ocrx_word' id='word_1_449' title='bbox 2048 1188 2109 1213; x_wconf 91' lang='lat' dir='ltr'>co-</span> 
     </span>
     <span class='ocr_line' id='line_1_78' title="bbox 1163 1233 2115 1283; baseline -0.002 -13"><span class='ocrx_word' id='word_1_450' title='bbox 1163 1235 1244 1270; x_wconf 90' lang='lat' dir='ltr'>nati</span> <span class='ocrx_word' id='word_1_451' title='bbox 1269 1239 1371 1280; x_wconf 90' lang='lat' dir='ltr'>sunt,</span> <span class='ocrx_word' id='word_1_452' title='bbox 1391 1247 1626 1283; x_wconf 90' lang='lat' dir='ltr'>omnemque</span> <span class='ocrx_word' id='word_1_453' title='bbox 1645 1245 1826 1271; x_wconf 90' lang='lat' dir='ltr'>caussam</span> <span class='ocrx_word' id='word_1_454' title='bbox 1847 1238 1887 1270; x_wconf 89' lang='lat' dir='ltr'>et</span> <span class='ocrx_word' id='word_1_455' title='bbox 1905 1233 2060 1280; x_wconf 87' lang='lat' dir='ltr'>culpam</span> <span class='ocrx_word' id='word_1_456' title='bbox 2075 1233 2115 1268; x_wconf 90' lang='lat' dir='ltr'>in</span> 
     </span>
     <span class='ocr_line' id='line_1_79' title="bbox 1159 1286 2115 1335; baseline -0.002 -11"><span class='ocrx_word' id='word_1_457' title='bbox 1159 1290 1429 1335; x_wconf 88' lang='lat' dir='ltr'>Apostolicam</span> <span class='ocrx_word' id='word_1_458' title='bbox 1440 1290 1581 1326; x_wconf 87' lang='lat' dir='ltr'>Sedem</span> <span class='ocrx_word' id='word_1_459' title='bbox 1595 1291 1827 1332; x_wconf 85' lang='lat' dir='ltr'>transferre,</span> <span class='ocrx_word' id='word_1_460' title='bbox 1840 1290 1920 1324; x_wconf 86' lang='lat' dir='ltr'>Leo</span> <span class='ocrx_word' id='word_1_461' title='bbox 1933 1286 2115 1334; x_wconf 88' lang='lat' dir='ltr'>Pp.XIII,</span> 
     </span>
     <span class='ocr_line' id='line_1_80' title="bbox 1159 1341 2113 1388; baseline -0.002 -10"><span class='ocrx_word' id='word_1_462' title='bbox 1159 1343 1219 1379; x_wconf 90' lang='lat' dir='ltr'>die</span> <span class='ocrx_word' id='word_1_463' title='bbox 1248 1345 1292 1382; x_wconf 92' lang='lat'>10</span> <span class='ocrx_word' id='word_1_464' title='bbox 1326 1345 1409 1380; x_wconf 92' lang='lat' dir='ltr'>iulii</span> <span class='ocrx_word' id='word_1_465' title='bbox 1439 1345 1557 1388; x_wconf 90' lang='lat'>1880,</span> <span class='ocrx_word' id='word_1_466' title='bbox 1585 1356 1633 1381; x_wconf 84' lang='lat' dir='ltr'>ex</span> <span class='ocrx_word' id='word_1_467' title='bbox 1659 1343 1871 1380; x_wconf 89' lang='lat' dir='ltr'>Tabulario</span> <span class='ocrx_word' id='word_1_468' title='bbox 1906 1341 2113 1377; x_wconf 85' lang='lat' dir='ltr'>Pontificio</span> 
     </span>
     <span class='ocr_line' id='line_1_81' title="bbox 1159 1395 2116 1436; baseline -0.002 -3"><span class='ocrx_word' id='word_1_469' title='bbox 1159 1399 1431 1436; x_wconf 87' lang='lat' dir='ltr'>narrationem</span> <span class='ocrx_word' id='word_1_470' title='bbox 1450 1399 1695 1435; x_wconf 85' lang='lat' dir='ltr'>documentis</span> <span class='ocrx_word' id='word_1_471' title='bbox 1714 1403 1946 1435; x_wconf 84' lang='lat' dir='ltr'>exornatam</span> <span class='ocrx_word' id='word_1_472' title='bbox 1975 1398 2014 1432; x_wconf 89' lang='lat' dir='ltr'>in</span> <span class='ocrx_word' id='word_1_473' title='bbox 2033 1395 2116 1432; x_wconf 89' lang='lat' dir='ltr'>vul·</span> 
     </span>
     <span class='ocr_line' id='line_1_82' title="bbox 1159 1450 2114 1500; baseline -0.002 -13"><span class='ocrx_word' id='word_1_474' title='bbox 1159 1464 1231 1498; x_wconf 91' lang='lat' dir='ltr'>gus</span> <span class='ocrx_word' id='word_1_475' title='bbox 1259 1454 1429 1500; x_wconf 89' lang='lat' dir='ltr'>proferri</span> <span class='ocrx_word' id='word_1_476' title='bbox 1461 1453 1641 1496; x_wconf 88' lang='lat' dir='ltr'>curavit,</span> <span class='ocrx_word' id='word_1_477' title='bbox 1670 1463 1747 1500; x_wconf 90' lang='lat' dir='ltr'>qua</span> <span class='ocrx_word' id='word_1_478' title='bbox 1773 1452 1892 1488; x_wconf 90' lang='lat' dir='ltr'>totius</span> <span class='ocrx_word' id='word_1_479' title='bbox 1928 1452 1986 1487; x_wconf 91' lang='lat' dir='ltr'>rei</span> <span class='ocrx_word' id='word_1_480' title='bbox 2013 1450 2114 1486; x_wconf 90' lang='lat' dir='ltr'>ratio</span> 
     </span>
     <span class='ocr_line' id='line_1_83' title="bbox 1160 1505 2112 1554; baseline -0.002 -12"><span class='ocrx_word' id='word_1_481' title='bbox 1160 1507 1207 1542; x_wconf 90' lang='lat' dir='ltr'>ad</span> <span class='ocrx_word' id='word_1_482' title='bbox 1226 1507 1439 1544; x_wconf 87' lang='lat' dir='ltr'>veritatem</span> <span class='ocrx_word' id='word_1_483' title='bbox 1467 1508 1677 1554; x_wconf 74' lang='lat' dir='ltr'>exigiturl.</span> <span class='ocrx_word' id='word_1_484' title='bbox 1697 1507 1925 1543; x_wconf 87' lang='lat' dir='ltr'>Pastorales</span> <span class='ocrx_word' id='word_1_485' title='bbox 1951 1505 2112 1552; x_wconf 91' lang='lat' dir='ltr'>Episco-</span> 
     </span>
     <span class='ocr_line' id='line_1_84' title="bbox 1161 1559 2115 1607; baseline -0.003 -11"><span class='ocrx_word' id='word_1_486' title='bbox 1161 1572 1302 1607; x_wconf 88' lang='lat' dir='ltr'>porum</span> <span class='ocrx_word' id='word_1_487' title='bbox 1321 1573 1440 1597; x_wconf 88' lang='lat' dir='ltr'>curae</span> <span class='ocrx_word' id='word_1_488' title='bbox 1462 1561 1654 1598; x_wconf 89' lang='lat' dir='ltr'>eiusmodi</span> <span class='ocrx_word' id='word_1_489' title='bbox 1672 1561 1900 1597; x_wconf 86' lang='lat' dir='ltr'>scholarum</span> <span class='ocrx_word' id='word_1_490' title='bbox 1920 1559 1959 1594; x_wconf 88' lang='lat' dir='ltr'>in</span> <span class='ocrx_word' id='word_1_491' title='bbox 1978 1559 2115 1605; x_wconf 87' lang='lat' dir='ltr'>Belgio</span> 
     </span>
     <span class='ocr_line' id='line_1_85' title="bbox 1160 1612 2117 1659; baseline -0.003 -9"><span class='ocrx_word' id='word_1_492' title='bbox 1160 1615 1330 1652; x_wconf 84' lang='lat' dir='ltr'>feliciter</span> <span class='ocrx_word' id='word_1_493' title='bbox 1357 1620 1608 1659; x_wconf 88' lang='lat' dir='ltr'>evenerunt;</span> <span class='ocrx_word' id='word_1_494' title='bbox 1635 1626 1729 1651; x_wconf 90' lang='lat' dir='ltr'>nam</span> <span class='ocrx_word' id='word_1_495' title='bbox 1761 1614 1946 1650; x_wconf 90' lang='lat' dir='ltr'>iuvenum</span> <span class='ocrx_word' id='word_1_496' title='bbox 1973 1612 2117 1648; x_wconf 91' lang='lat' dir='ltr'>studio-</span> 
     </span>
     <span class='ocr_line' id='line_1_86' title="bbox 1159 1666 2117 1716; baseline -0.001 -13"><span class='ocrx_word' id='word_1_497' title='bbox 1159 1680 1295 1705; x_wconf 90' lang='lat' dir='ltr'>sorum</span> <span class='ocrx_word' id='word_1_498' title='bbox 1315 1669 1381 1705; x_wconf 90' lang='lat' dir='ltr'>vix</span> <span class='ocrx_word' id='word_1_499' title='bbox 1401 1669 1522 1705; x_wconf 86' lang='lat' dir='ltr'>tertia</span> <span class='ocrx_word' id='word_1_500' title='bbox 1540 1679 1633 1716; x_wconf 89' lang='lat' dir='ltr'>pars</span> <span class='ocrx_word' id='word_1_501' title='bbox 1660 1668 1816 1704; x_wconf 84' lang='lat' dir='ltr'>scholas</span> <span class='ocrx_word' id='word_1_502' title='bbox 1834 1666 2023 1703; x_wconf 86' lang='lat' dir='ltr'>Gubernii</span> <span class='ocrx_word' id='word_1_503' title='bbox 2042 1666 2117 1702; x_wconf 85' lang='lat' dir='ltr'>fre-</span> 
     </span>
     <span class='ocr_line' id='line_1_87' title="bbox 1160 1720 2118 1770; baseline -0.004 -10"><span class='ocrx_word' id='word_1_504' title='bbox 1160 1728 1413 1770; x_wconf 88' lang='lat' dir='ltr'>quentarunt,</span> <span class='ocrx_word' id='word_1_505' title='bbox 1442 1724 1567 1760; x_wconf 89' lang='lat' dir='ltr'>ceteri</span> <span class='ocrx_word' id='word_1_506' title='bbox 1595 1734 1732 1759; x_wconf 87' lang='lat' dir='ltr'>omnes</span> <span class='ocrx_word' id='word_1_507' title='bbox 1759 1721 1975 1758; x_wconf 84' lang='lat' dir='ltr'>catholicas</span> <span class='ocrx_word' id='word_1_508' title='bbox 2001 1724 2042 1757; x_wconf 89' lang='lat' dir='ltr'>et</span> <span class='ocrx_word' id='word_1_509' title='bbox 2068 1720 2118 1756; x_wconf 90' lang='lat' dir='ltr'>ab</span> 
     </span>
     <span class='ocr_line' id='line_1_88' title="bbox 1160 1773 2118 1825; baseline -0.002 -13"><span class='ocrx_word' id='word_1_510' title='bbox 1160 1777 1366 1825; x_wconf 88' lang='lat' dir='ltr'>Episcopis</span> <span class='ocrx_word' id='word_1_511' title='bbox 1394 1778 1596 1825; x_wconf 87' lang='lat' dir='ltr'>probatas.</span> <span class='ocrx_word' id='word_1_512' title='bbox 1625 1776 1696 1812; x_wconf 87' lang='lat' dir='ltr'>His</span> <span class='ocrx_word' id='word_1_513' title='bbox 1723 1777 1906 1812; x_wconf 89' lang='lat' dir='ltr'>Summus</span> <span class='ocrx_word' id='word_1_514' title='bbox 1936 1773 2118 1810; x_wconf 82' lang='lat' dir='ltr'>Pontifex</span> 
     </span>
     <span class='ocr_line' id='line_1_89' title="bbox 1159 1828 2116 1876; baseline -0.001 -10"><span class='ocrx_word' id='word_1_515' title='bbox 1159 1831 1245 1867; x_wconf 88' lang='lat' dir='ltr'>aliis</span> <span class='ocrx_word' id='word_1_516' title='bbox 1271 1833 1352 1868; x_wconf 91' lang='lat' dir='ltr'>suis</span> <span class='ocrx_word' id='word_1_517' title='bbox 1371 1832 1529 1874; x_wconf 90' lang='lat' dir='ltr'>litteris,</span> <span class='ocrx_word' id='word_1_518' title='bbox 1550 1832 1651 1867; x_wconf 86' lang='lat' dir='ltr'>datis</span> <span class='ocrx_word' id='word_1_519' title='bbox 1678 1831 1739 1867; x_wconf 91' lang='lat' dir='ltr'>die</span> <span class='ocrx_word' id='word_1_520' title='bbox 1767 1830 1788 1866; x_wconf 88' lang='lat'><strong>3</strong></span> <span class='ocrx_word' id='word_1_521' title='bbox 1813 1828 1969 1876; x_wconf 88' lang='lat' dir='ltr'>augusti</span> <span class='ocrx_word' id='word_1_522' title='bbox 1998 1828 2087 1865; x_wconf 90' lang='lat'>1881</span> <span class='ocrx_word' id='word_1_523' title='bbox 2107 1856 2116 1872; x_wconf 92' lang='lat'><strong>‚</strong></span> 
     </span>
     <span class='ocr_line' id='line_1_90' title="bbox 1160 1883 2116 1932; baseline -0.002 -12"><span class='ocrx_word' id='word_1_524' title='bbox 1160 1886 1332 1923; x_wconf 90' lang='lat' dir='ltr'>maxime</span> <span class='ocrx_word' id='word_1_525' title='bbox 1360 1886 1464 1922; x_wconf 89' lang='lat' dir='ltr'>laudi</span> <span class='ocrx_word' id='word_1_526' title='bbox 1492 1885 1640 1929; x_wconf 87' lang='lat' dir='ltr'>tribuit,</span> <span class='ocrx_word' id='word_1_527' title='bbox 1656 1884 1757 1932; x_wconf 90' lang='lat' dir='ltr'>quod</span> <span class='ocrx_word' id='word_1_528' title='bbox 1783 1884 1955 1931; x_wconf 88' lang='lat' dir='ltr'>optimae</span> <span class='ocrx_word' id='word_1_529' title='bbox 1984 1883 2116 1919; x_wconf 86' lang='lat' dir='ltr'>iuven-</span> 
     </span>
     <span class='ocr_line' id='line_1_91' title="bbox 1159 1937 2116 1981; baseline -0.002 -7"><span class='ocrx_word' id='word_1_530' title='bbox 1159 1940 1253 1976; x_wconf 89' lang='lat' dir='ltr'>tutis</span> <span class='ocrx_word' id='word_1_531' title='bbox 1280 1940 1516 1976; x_wconf 89' lang='lat' dir='ltr'>institutioni</span> <span class='ocrx_word' id='word_1_532' title='bbox 1542 1940 1648 1975; x_wconf 92' lang='lat' dir='ltr'>omni</span> <span class='ocrx_word' id='word_1_533' title='bbox 1685 1938 1878 1974; x_wconf 86' lang='lat' dir='ltr'>industria</span> <span class='ocrx_word' id='word_1_534' title='bbox 1903 1937 2116 1981; x_wconf 87' lang='lat' dir='ltr'>studeant,</span> 
     </span>
     <span class='ocr_line' id='line_1_92' title="bbox 1159 1991 2118 2042; baseline -0.003 -13"><span class='ocrx_word' id='word_1_535' title='bbox 1159 1994 1416 2042; x_wconf 89' lang='lat' dir='ltr'>providentes</span> <span class='ocrx_word' id='word_1_536' title='bbox 1434 1999 1476 2031; x_wconf 91' lang='lat' dir='ltr'>ut</span> <span class='ocrx_word' id='word_1_537' title='bbox 1494 1994 1533 2030; x_wconf 93' lang='lat' dir='ltr'>in</span> <span class='ocrx_word' id='word_1_538' title='bbox 1560 1995 1697 2041; x_wconf 86' lang='lat' dir='ltr'>primis</span> <span class='ocrx_word' id='word_1_539' title='bbox 1723 1994 1947 2029; x_wconf 76' lang='lat' dir='ltr'>litterarum</span> <span class='ocrx_word' id='word_1_540' title='bbox 1973 1991 2118 2028; x_wconf 87' lang='lat' dir='ltr'>scholis</span> 
     </span>
     <span class='ocr_line' id='line_1_93' title="bbox 1157 2045 2116 2097; baseline -0.003 -13"><span class='ocrx_word' id='word_1_541' title='bbox 1157 2049 1204 2085; x_wconf 93' lang='lat' dir='ltr'>de</span> <span class='ocrx_word' id='word_1_542' title='bbox 1233 2050 1424 2097; x_wconf 84' lang='lat' dir='ltr'>religione</span> <span class='ocrx_word' id='word_1_543' title='bbox 1452 2049 1631 2085; x_wconf 85' lang='lat' dir='ltr'>doctrina</span> <span class='ocrx_word' id='word_1_544' title='bbox 1657 2050 1768 2095; x_wconf 87' lang='lat' dir='ltr'>large</span> <span class='ocrx_word' id='word_1_545' title='bbox 1803 2045 2116 2083; x_wconf 84' lang='lat' dir='ltr'>adolescentibus</span> 
     </span>
     <span class='ocr_line' id='line_1_94' title="bbox 1159 2100 2116 2152; baseline -0.004 -13"><span class='ocrx_word' id='word_1_546' title='bbox 1159 2104 1353 2148; x_wconf 87' lang='lat' dir='ltr'>tradatur,</span> <span class='ocrx_word' id='word_1_547' title='bbox 1373 2109 1490 2152; x_wconf 89' lang='lat' dir='ltr'>atque</span> <span class='ocrx_word' id='word_1_548' title='bbox 1519 2103 1757 2139; x_wconf 81' lang='lat' dir='ltr'>christianae</span> <span class='ocrx_word' id='word_1_549' title='bbox 1785 2100 2005 2138; x_wconf 87' lang='lat' dir='ltr'>educationi</span> <span class='ocrx_word' id='word_1_550' title='bbox 2024 2112 2116 2136; x_wconf 89' lang='lat' dir='ltr'>cun-</span> 
     </span>
     <span class='ocr_line' id='line_1_95' title="bbox 1158 2156 2116 2206; baseline -0.004 -12"><span class='ocrx_word' id='word_1_551' title='bbox 1158 2163 1223 2194; x_wconf 92' lang='lat' dir='ltr'>cta</span> <span class='ocrx_word' id='word_1_552' title='bbox 1249 2159 1514 2196; x_wconf 87' lang='lat' dir='ltr'>benevertant</span> <span class='ocrx_word' id='word_1_553' title='bbox 1539 2160 1577 2194; x_wconf 91' lang='lat' dir='ltr'>in</span> <span class='ocrx_word' id='word_1_554' title='bbox 1605 2156 1822 2206; x_wconf 77' lang='lat' dir='ltr'>gymnasiis</span> <span class='ocrx_word' id='word_1_555' title='bbox 1849 2156 1967 2192; x_wconf 89' lang='lat' dir='ltr'>etiam</span> <span class='ocrx_word' id='word_1_556' title='bbox 1995 2160 2036 2191; x_wconf 91' lang='lat' dir='ltr'>et</span> <span class='ocrx_word' id='word_1_557' title='bbox 2063 2156 2116 2203; x_wconf 88' lang='lat' dir='ltr'>ly-</span> 
     </span>
     <span class='ocr_line' id='line_1_96' title="bbox 1159 2208 2117 2259; baseline -0.004 -12"><span class='ocrx_word' id='word_1_558' title='bbox 1159 2213 1251 2255; x_wconf 89' lang='lat' dir='ltr'>ceis,</span> <span class='ocrx_word' id='word_1_559' title='bbox 1281 2218 1322 2249; x_wconf 90' lang='lat' dir='ltr'>et</span> <span class='ocrx_word' id='word_1_560' title='bbox 1347 2213 1385 2248; x_wconf 91' lang='lat' dir='ltr'>in</span> <span class='ocrx_word' id='word_1_561' title='bbox 1413 2213 1500 2259; x_wconf 90' lang='lat' dir='ltr'>ipsa</span> <span class='ocrx_word' id='word_1_562' title='bbox 1527 2211 1747 2248; x_wconf 86' lang='lat' dir='ltr'>lovaniensi</span> <span class='ocrx_word' id='word_1_563' title='bbox 1774 2209 1994 2247; x_wconf 83' lang='lat' dir='ltr'>studiorum</span> <span class='ocrx_word' id='word_1_564' title='bbox 2022 2208 2117 2245; x_wconf 87' lang='lat' dir='ltr'>Uni-</span> 
     </span>
     <span class='ocr_line' id='line_1_97' title="bbox 1159 2266 1364 2303; baseline 0.015 -3"><span class='ocrx_word' id='word_1_565' title='bbox 1159 2266 1364 2303; x_wconf 85' lang='lat' dir='ltr'>versitate-</span> 
     </span>
    </p>

    <p class='ocr_par' dir='ltr' id='par_1_10' title="bbox 1158 2321 2115 2967">
     <span class='ocr_line' id='line_1_98' title="bbox 1206 2321 2112 2367; baseline -0.006 -10"><span class='ocrx_word' id='word_1_566' title='bbox 1206 2321 1283 2357; x_wconf 90' lang='lat' dir='ltr'>Sed</span> <span class='ocrx_word' id='word_1_567' title='bbox 1310 2332 1398 2357; x_wconf 89' lang='lat' dir='ltr'>cum</span> <span class='ocrx_word' id='word_1_568' title='bbox 1434 2321 1539 2356; x_wconf 91' lang='lat' dir='ltr'>nullo</span> <span class='ocrx_word' id='word_1_569' title='bbox 1573 2330 1745 2367; x_wconf 87' lang='lat' dir='ltr'>unquam</span> <span class='ocrx_word' id='word_1_570' title='bbox 1782 2323 1962 2365; x_wconf 90' lang='lat' dir='ltr'>tempore</span> <span class='ocrx_word' id='word_1_571' title='bbox 1998 2321 2112 2353; x_wconf 88' lang='lat' dir='ltr'>tanta</span> 
     </span>
     <span class='ocr_line' id='line_1_99' title="bbox 1158 2371 2115 2411; baseline -0.002 -1"><span class='ocrx_word' id='word_1_572' title='bbox 1158 2375 1278 2411; x_wconf 87' lang='lat' dir='ltr'>fuerit</span> <span class='ocrx_word' id='word_1_573' title='bbox 1315 2375 1551 2411; x_wconf 87' lang='lat' dir='ltr'>concordiae</span> <span class='ocrx_word' id='word_1_574' title='bbox 1588 2375 1690 2410; x_wconf 85' lang='lat' dir='ltr'>inter</span> <span class='ocrx_word' id='word_1_575' title='bbox 1729 2384 1866 2409; x_wconf 89' lang='lat' dir='ltr'>omnes</span> <span class='ocrx_word' id='word_1_576' title='bbox 1899 2371 2115 2408; x_wconf 86' lang='lat' dir='ltr'>catholicos</span> 
     </span>
     <span class='ocr_line' id='line_1_100' title="bbox 1158 2426 2110 2470; baseline -0.002 -7"><span class='ocrx_word' id='word_1_577' title='bbox 1158 2429 1264 2465; x_wconf 88' lang='lat' dir='ltr'>viros</span> <span class='ocrx_word' id='word_1_578' title='bbox 1280 2429 1552 2465; x_wconf 81' lang='lat' dir='ltr'>conciliandae</span> <span class='ocrx_word' id='word_1_579' title='bbox 1574 2432 1613 2465; x_wconf 91' lang='lat' dir='ltr'>et</span> <span class='ocrx_word' id='word_1_580' title='bbox 1627 2428 1848 2465; x_wconf 90' lang='lat' dir='ltr'>servandae</span> <span class='ocrx_word' id='word_1_581' title='bbox 1876 2426 2110 2470; x_wconf 85' lang='lat' dir='ltr'>necessitas,</span> 
     </span>
     <span class='ocr_line' id='line_1_101' title="bbox 1160 2479 2115 2531; baseline -0.002 -13"><span class='ocrx_word' id='word_1_582' title='bbox 1160 2488 1303 2531; x_wconf 85' lang='lat' dir='ltr'>quanta</span> <span class='ocrx_word' id='word_1_583' title='bbox 1331 2483 1404 2520; x_wconf 85' lang='lat' dir='ltr'>hoc</span> <span class='ocrx_word' id='word_1_584' title='bbox 1424 2489 1575 2526; x_wconf 85' lang='lat' dir='ltr'>nostro,</span> <span class='ocrx_word' id='word_1_585' title='bbox 1610 2494 1684 2530; x_wconf 91' lang='lat' dir='ltr'>quo</span> <span class='ocrx_word' id='word_1_586' title='bbox 1712 2482 1916 2518; x_wconf 83' lang='lat' dir='ltr'>christiani</span> <span class='ocrx_word' id='word_1_587' title='bbox 1946 2479 2115 2517; x_wconf 88' lang='lat' dir='ltr'>nominis</span> 
     </span>
     <span class='ocr_line' id='line_1_102' title="bbox 1161 2535 2114 2585; baseline -0.003 -11"><span class='ocrx_word' id='word_1_588' title='bbox 1161 2539 1294 2574; x_wconf 85' lang='lat' dir='ltr'>hostes</span> <span class='ocrx_word' id='word_1_589' title='bbox 1336 2539 1509 2575; x_wconf 87' lang='lat' dir='ltr'>unanimi</span> <span class='ocrx_word' id='word_1_590' title='bbox 1554 2537 1702 2585; x_wconf 86' lang='lat' dir='ltr'>impetu</span> <span class='ocrx_word' id='word_1_591' title='bbox 1742 2537 1963 2573; x_wconf 88' lang='lat' dir='ltr'>Ecclesiam</span> <span class='ocrx_word' id='word_1_592' title='bbox 2006 2535 2114 2572; x_wconf 89' lang='lat' dir='ltr'>undi-</span> 
     </span>
     <span class='ocr_line' id='line_1_103' title="bbox 1160 2591 2113 2640; baseline -0.002 -11"><span class='ocrx_word' id='word_1_593' title='bbox 1160 2605 1234 2640; x_wconf 89' lang='lat' dir='ltr'>quc</span> <span class='ocrx_word' id='word_1_594' title='bbox 1267 2593 1530 2636; x_wconf 88' lang='lat' dir='ltr'>adoriuntur,</span> <span class='ocrx_word' id='word_1_595' title='bbox 1568 2593 1605 2627; x_wconf 90' lang='lat' dir='ltr'>in</span> <span class='ocrx_word' id='word_1_596' title='bbox 1650 2591 1788 2628; x_wconf 89' lang='lat' dir='ltr'>eadem</span> <span class='ocrx_word' id='word_1_597' title='bbox 1824 2591 1991 2639; x_wconf 86' lang='lat' dir='ltr'>epistola</span> <span class='ocrx_word' id='word_1_598' title='bbox 2033 2592 2113 2627; x_wconf 88' lang='lat' dir='ltr'>Leo</span> 
     </span>
     <span class='ocr_line' id='line_1_104' title="bbox 1163 2644 2112 2694; baseline 0 -12"><span class='ocrx_word' id='word_1_599' title='bbox 1163 2647 1233 2694; x_wconf 78' lang='lat' dir='ltr'>l’p.</span> <span class='ocrx_word' id='word_1_600' title='bbox 1255 2648 1343 2683; x_wconf 83' lang='lat' dir='ltr'>XIII</span> <span class='ocrx_word' id='word_1_601' title='bbox 1380 2651 1515 2684; x_wconf 85' lang='lat' dir='ltr'>monet</span> <span class='ocrx_word' id='word_1_602' title='bbox 1551 2647 1679 2682; x_wconf 86' lang='lat' dir='ltr'>minus</span> <span class='ocrx_word' id='word_1_603' title='bbox 1713 2646 1841 2682; x_wconf 86' lang='lat' dir='ltr'>eidem</span> <span class='ocrx_word' id='word_1_604' title='bbox 1875 2644 2112 2682; x_wconf 88' lang='lat' dir='ltr'>concordiae</span> 
     </span>
     <span class='ocr_line' id='line_1_105' title="bbox 1162 2701 2114 2748; baseline -0.001 -12"><span class='ocrx_word' id='word_1_605' title='bbox 1162 2702 1297 2740; x_wconf 86' lang='lat' dir='ltr'>favere</span> <span class='ocrx_word' id='word_1_606' title='bbox 1333 2703 1541 2739; x_wconf 87' lang='lat' dir='ltr'>nonnullas</span> <span class='ocrx_word' id='word_1_607' title='bbox 1573 2702 1620 2739; x_wconf 91' lang='lat' dir='ltr'>de</span> <span class='ocrx_word' id='word_1_608' title='bbox 1660 2702 1743 2738; x_wconf 91' lang='lat' dir='ltr'>iure</span> <span class='ocrx_word' id='word_1_609' title='bbox 1779 2701 1930 2748; x_wconf 88' lang='lat' dir='ltr'>publico</span> <span class='ocrx_word' id='word_1_610' title='bbox 1958 2705 2114 2736; x_wconf 86' lang='lat' dir='ltr'>contro—</span> 
     </span>
     <span class='ocr_line' id='line_1_106' title="bbox 1161 2753 2114 2805; baseline -0.002 -13"><span class='ocrx_word' id='word_1_611' title='bbox 1161 2759 1335 2801; x_wconf 86' lang='lat' dir='ltr'>versias,</span> <span class='ocrx_word' id='word_1_612' title='bbox 1375 2768 1474 2805; x_wconf 86' lang='lat' dir='ltr'>quae</span> <span class='ocrx_word' id='word_1_613' title='bbox 1518 2768 1660 2793; x_wconf 87' lang='lat' dir='ltr'>recens</span> <span class='ocrx_word' id='word_1_614' title='bbox 1693 2756 1845 2792; x_wconf 89' lang='lat' dir='ltr'>animos</span> <span class='ocrx_word' id='word_1_615' title='bbox 1887 2754 1990 2804; x_wconf 88' lang='lat' dir='ltr'>apud</span> <span class='ocrx_word' id='word_1_616' title='bbox 2027 2753 2114 2790; x_wconf 91' lang='lat' dir='ltr'>Bel-</span> 
     </span>
     <span class='ocr_line' id='line_1_107' title="bbox 1161 2810 2113 2858; baseline -0.004 -11"><span class='ocrx_word' id='word_1_617' title='bbox 1161 2823 1231 2858; x_wconf 83' lang='lat' dir='ltr'>gas</span> <span class='ocrx_word' id='word_1_618' title='bbox 1259 2815 1575 2848; x_wconf 85' lang='lat' dir='ltr'>commoverunt.</span> <span class='ocrx_word' id='word_1_619' title='bbox 1599 2811 1679 2847; x_wconf 80' lang='lat' dir='ltr'>Eae</span> <span class='ocrx_word' id='word_1_620' title='bbox 1701 2817 1832 2847; x_wconf 87' lang='lat' dir='ltr'>autem</span> <span class='ocrx_word' id='word_1_621' title='bbox 1853 2810 2113 2847; x_wconf 85' lang='lat' dir='ltr'>versabantur</span> 
     </span>
     <span class='ocr_line' id='line_1_108' title="bbox 1161 2865 2113 2914; baseline -0.001 -13"><span class='ocrx_word' id='word_1_622' title='bbox 1161 2867 1267 2902; x_wconf 87' lang='lat' dir='ltr'>circa</span> <span class='ocrx_word' id='word_1_623' title='bbox 1293 2866 1574 2903; x_wconf 84' lang='lat' dir='ltr'>necessitatem</span> <span class='ocrx_word' id='word_1_624' title='bbox 1594 2865 1657 2902; x_wconf 89' lang='lat' dir='ltr'>vel</span> <span class='ocrx_word' id='word_1_625' title='bbox 1676 2865 2014 2914; x_wconf 87' lang='lat' dir='ltr'>opportunitatem</span> <span class='ocrx_word' id='word_1_626' title='bbox 2034 2865 2113 2902; x_wconf 87' lang='lat' dir='ltr'>exi-</span> 
     </span>
     <span class='ocr_line' id='line_1_109' title="bbox 1161 2920 2115 2967; baseline 0 -11"><span class='ocrx_word' id='word_1_627' title='bbox 1161 2921 1276 2967; x_wconf 75' lang='lat' dir='ltr'>gendi</span> <span class='ocrx_word' id='word_1_628' title='bbox 1289 2921 1336 2956; x_wconf 88' lang='lat' dir='ltr'>ad</span> <span class='ocrx_word' id='word_1_629' title='bbox 1346 2920 1563 2957; x_wconf 84' lang='lat' dir='ltr'>catholicae</span> <span class='ocrx_word' id='word_1_630' title='bbox 1575 2920 1778 2957; x_wconf 81' lang='lat' dir='ltr'>doetrinae</span> <span class='ocrx_word' id='word_1_631' title='bbox 1797 2931 1975 2956; x_wconf 87' lang='lat' dir='ltr'>normam</span> <span class='ocrx_word' id='word_1_632' title='bbox 1991 2930 2115 2956; x_wconf 89' lang='lat' dir='ltr'>novas</span> 
     </span>
    </p>
   </div>
   <div class='ocr_carea' id='block_1_8' title="bbox 1160 3054 2115 3281">
    <p class='ocr_par' dir='ltr' id='par_1_11' title="bbox 1160 3054 2115 3281">
     <span class='ocr_line' id='line_1_110' title="bbox 1208 3054 2115 3096; baseline 0.003 -13"><span class='ocrx_word' id='word_1_633' title='bbox 1208 3056 1212 3075; x_wconf 87' lang='lat'>¹</span> <span class='ocrx_word' id='word_1_634' title='bbox 1247 3056 1310 3085; x_wconf 74' lang='lat' dir='ltr'>Vni.</span> <span class='ocrx_word' id='word_1_635' title='bbox 1341 3054 1555 3094; x_wconf 56' lang='lat' dir='ltr'>Jcsposizione</span> <span class='ocrx_word' id='word_1_636' title='bbox 1573 3055 1816 3087; x_wconf 71' lang='lat' dir='ltr'>‹locumentata</span> <span class='ocrx_word' id='word_1_637' title='bbox 1843 3054 1893 3086; x_wconf 73' lang='lat' dir='ltr'>dc*</span> <span class='ocrx_word' id='word_1_638' title='bbox 1919 3054 2000 3096; x_wconf 77' lang='lat' dir='ltr'>fatti</span> <span class='ocrx_word' id='word_1_639' title='bbox 2029 3055 2115 3086; x_wconf 86' lang='lat' dir='ltr'>rela-</span> 
     </span>
     <span class='ocr_line' id='line_1_111' title="bbox 1160 3098 2112 3142; baseline 0.001 -12"><span class='ocrx_word' id='word_1_640' title='bbox 1160 3100 1219 3131; x_wconf 75' lang='lat' dir='ltr'>liri</span> <span class='ocrx_word' id='word_1_641' title='bbox 1236 3102 1302 3132; x_wconf 72' lang='lat' dir='ltr'>alla</span> <span class='ocrx_word' id='word_1_642' title='bbox 1319 3101 1491 3142; x_wconf 58' lang='lat' dir='ltr'>‹lues-lione</span> <span class='ocrx_word' id='word_1_643' title='bbox 1511 3101 1853 3141; x_wconf 74' lang='lat' dir='ltr'>‹lell&#39;inseynnmento</span> <span class='ocrx_word' id='word_1_644' title='bbox 1870 3100 2039 3142; x_wconf 79' lang='lat' dir='ltr'>primario</span> <span class='ocrx_word' id='word_1_645' title='bbox 2057 3098 2112 3131; x_wconf 79' lang='lat' dir='ltr'>nel</span> 
     </span>
     <span class='ocr_line' id='line_1_112' title="bbox 1164 3143 2113 3188; baseline -0.001 -11"><span class='ocrx_word' id='word_1_646' title='bbox 1164 3147 1293 3186; x_wconf 64' lang='lat' dir='ltr'>Halym,</span> <span class='ocrx_word' id='word_1_647' title='bbox 1319 3157 1335 3178; x_wconf 78' lang='lat' dir='ltr'>e</span> <span class='ocrx_word' id='word_1_648' title='bbox 1362 3146 1429 3177; x_wconf 82' lang='lat' dir='ltr'>alla</span> <span class='ocrx_word' id='word_1_649' title='bbox 1456 3147 1646 3179; x_wconf 59' lang='lat' dir='ltr'>ces-sanione</span> <span class='ocrx_word' id='word_1_650' title='bbox 1665 3147 1714 3179; x_wconf 67' lang='grc' dir='ltr'>(ἔθ’</span> <span class='ocrx_word' id='word_1_651' title='bbox 1734 3148 1885 3188; x_wconf 76' lang='lat' dir='ltr'>rapporti</span> <span class='ocrx_word' id='word_1_652' title='bbox 1901 3143 2113 3188; x_wconf 79' lang='lat' dir='ltr'>diplomatici</span> 
     </span>
     <span class='ocr_line' id='line_1_113' title="bbox 1160 3191 2111 3235; baseline 0 -12"><span class='ocrx_word' id='word_1_653' title='bbox 1160 3196 1209 3223; x_wconf 76' lang='lat' dir='ltr'>tra</span> <span class='ocrx_word' id='word_1_654' title='bbox 1228 3193 1249 3223; x_wconf 77' lang='lat' dir='ltr'>il</span> <span class='ocrx_word' id='word_1_655' title='bbox 1262 3201 1409 3232; x_wconf 67' lang='grc' dir='ltr'>Ι«Ιουενιιο</span> <span class='ocrx_word' id='word_1_656' title='bbox 1431 3192 1531 3233; x_wconf 70' lang='grc' dir='ltr'><strong><em>Ιίεἰῃα</em></strong></span> <span class='ocrx_word' id='word_1_657' title='bbox 1547 3202 1562 3224; x_wconf 88' lang='lat' dir='ltr'>e</span> <span class='ocrx_word' id='word_1_658' title='bbox 1581 3194 1613 3224; x_wconf 86' lang='lat' dir='ltr'>Ia</span> <span class='ocrx_word' id='word_1_659' title='bbox 1634 3192 1744 3226; x_wconf 83' lang='lat' dir='ltr'>Santa</span> <span class='ocrx_word' id='word_1_660' title='bbox 1763 3193 1858 3231; x_wconf 70' lang='lat' dir='ltr'>Sede,</span> <span class='ocrx_word' id='word_1_661' title='bbox 1874 3192 1954 3235; x_wconf 79' lang='lat' dir='ltr'>apud</span> <span class='ocrx_word' id='word_1_662' title='bbox 1977 3191 2111 3232; x_wconf 79' lang='lat' dir='ltr'>Epliein.</span> 
     </span>
     <span class='ocr_line' id='line_1_114' title="bbox 1160 3237 2110 3281; baseline -0.002 -11"><span class='ocrx_word' id='word_1_663' title='bbox 1160 3237 1204 3270; x_wconf 84' lang='lat' dir='ltr'>La</span> <span class='ocrx_word' id='word_1_664' title='bbox 1234 3238 1372 3270; x_wconf 69' lang='lat' dir='ltr'>Scienw</span> <span class='ocrx_word' id='word_1_665' title='bbox 1400 3247 1416 3269; x_wconf 87' lang='lat' dir='ltr'>e</span> <span class='ocrx_word' id='word_1_666' title='bbox 1442 3238 1473 3269; x_wconf 81' lang='lat' dir='ltr'>[a</span> <span class='ocrx_word' id='word_1_667' title='bbox 1502 3237 1600 3274; x_wconf 67' lang='lat' dir='ltr'>Facie.</span> <span class='ocrx_word' id='word_1_668' title='bbox 1631 3240 1695 3271; x_wconf 83' lang='lat' dir='ltr'>vol.</span> <span class='ocrx_word' id='word_1_669' title='bbox 1724 3247 1845 3276; x_wconf 68' lang='lat' dir='ltr'>nxvin,</span> <span class='ocrx_word' id='word_1_670' title='bbox 1875 3248 1927 3281; x_wconf 83' lang='lat' dir='ltr'>pp.</span> <span class='ocrx_word' id='word_1_671' title='bbox 1955 3237 2023 3269; x_wconf 73' lang='lat'>474</span> <span class='ocrx_word' id='word_1_672' title='bbox 2039 3246 2110 3279; x_wconf 89' lang='lat' dir='ltr'>sqq.</span> 
     </span>
    </p>
   </div>
  </div>
 </body>
</html>
