2241 3473
294 164 368 203 192

239 240 538 281 Consentiebant
566 249 720 282 omnes,
748 236 886 273 Libros
913 237 999 272 tum
1018 231 1175 272 Veteris

238 300 322 334 tum
341 293 442 332 Novi
453 290 691 329 Testamenti
709 301 792 326 esse
809 288 996 327 divinitus
1011 287 1174 335 inspira-

238 346 511 393 tos,hominem
528 344 597 381 sub
608 343 775 380 motione
791 341 1078 390 praevenientis
1093 352 1176 389 gra-

238 402 314 438 tiae
335 411 418 437 esse
437 399 616 442 liberum,
629 396 740 444 eique
760 396 882 433 libere
901 395 1112 443 cooperari,
1128 406 1175 430 ex

236 455 346 503 parte
364 451 434 489 Dei
454 451 535 488 dari
557 451 704 487 certam
724 452 763 486 et
784 448 1068 485 immutabilem
1097 447 1175 484 ele-

237 512 388 544 ctorum
402 502 1070 553 praedestinationen1.Disputabant
1083 512 1174 537 vero

237 561 283 597 de
304 558 415 596 modo
429 587 439 604 ,
458 569 532 605 quo
551 568 600 593 ss.
623 556 842 604 Scriptores
862 555 1028 592 fuissent
1050 554 1172 602 inspi-

235 611 325 657 rati,
337 613 382 649 de
398 611 548 648 ratione
569 608 797 646 conciliandi
818 608 1062 645 infallibilem
1080 618 1172 656 gra-

233 665 312 703 tiae
339 664 548 701 efficaciam
569 674 658 699 cum
679 662 801 700 libera
819 663 1014 699 humanae
1035 661 1173 698 volun-

234 718 327 756 tatis
356 716 648 766 cooperatione,
669 716 795 764 deque
824 716 974 752 ratione
1002 715 1171 763 praede-

236 771 476 816 stinationis,
502 770 534 807 si
561 772 758 819 spectet-ur
785 769 823 806 in
851 768 1067 806 intentione
1104 780 1172 805 seu

237 827 369 863 mente
389 825 534 861 divina.

287 879 333 915 In
368 877 504 927 primis
540 877 584 913 de
613 876 671 913 his
699 875 990 924 quaestionibus
1030 874 1171 912 acriter

235 932 492 980 disceptatum
513 933 571 968 est
590 930 755 968 Lovanii
775 931 878 967 inter
899 931 1072 967 doctores
1092 928 1171 965 Fa-

236 985 394 1023 cultatis
419 984 662 1033 theologicae
691 987 731 1020 et
758 984 890 1032 patres
915 982 1091 1020 Iesuitas.
1112 981 1172 1019 Illi

237 1051 299 1076 an.
323 1039 423 1076 1587
444 1050 464 1075 e
484 1037 653 1085 scriptis,
668 1049 767 1085 quae
790 1049 848 1085 pp.
866 1037 1022 1074 Lessius
1041 1036 1174 1074 etHa-

237 1091 377 1130 melius
395 1092 435 1129 in
450 1090 610 1140 collegio
627 1090 836 1128 Societatis
852 1090 1111 1135 dictaverant,
1123 1091 1172 1127 34

236 1145 516 1194 propositiones
542 1146 747 1193 excerptas
767 1143 849 1181 acri
870 1155 1037 1181 censura
1056 1150 1171 1180 nota-

235 1202 339 1237 runt.
377 1199 523 1236 Earum
560 1197 866 1246 propositionum
895 1209 1050 1234 summa
1079 1197 1173 1233 haec

235 1255 342 1290 erat:
375 1249 429 1298 la,
459 1254 502 1289 ut
529 1251 675 1300 aliquid
703 1251 754 1288 sit
783 1251 989 1300 Scriptura
1009 1250 1071 1296 S.‚
1097 1262 1172 1286 non

237 1308 296 1343 est
315 1305 597 1351 necessarium,
618 1309 660 1342 ut
679 1304 835 1353 singula
856 1304 939 1341 eius
959 1304 1078 1341 verba
1097 1303 1174 1340 sint

236 1371 259 1397 a
278 1358 423 1408 Spiritu
439 1358 476 1395 S.
489 1358 692 1407 inspirata,
710 1362 778 1395 aut
796 1358 971 1407 singulae
989 1358 1174 1394 veritates

236 1414 276 1450 et
303 1411 517 1449 sententiae
545 1412 624 1449 sint
651 1411 875 1449 immediate
909 1423 930 1448 a
958 1410 1105 1460 Spiritu
1135 1410 1173 1448 S.

235 1465 462 1515 inspiratae,
473 1465 563 1514 quin
574 1465 760 1502 imoliber
774 1465 858 1502 sine
869 1464 1087 1502 assistentia
1095 1463 1173 1512 Spi-

234 1519 335 1557 ritus
357 1519 395 1556 S.
412 1519 590 1567 scriptus,
606 1518 637 1556 si
658 1518 825 1566 Spiritus
842 1519 880 1556 S.
899 1522 1032 1567 postea
1051 1520 1173 1555 teste-

236 1577 314 1619 tur,
331 1573 370 1610 in
389 1585 434 1610 eo
455 1572 549 1609 nihil
568 1584 650 1609 esse
671 1572 821 1619 falsum,
837 1572 1003 1609 efficitur
1023 1584 1052 1609 s.
1065 1570 1172 1608 Scri-

236 1628 374 1676 ptura3
393 1626 460 1673 2²,
479 1626 583 1663 Deus
610 1629 695 1674 post
722 1626 941 1675 praevisum
971 1627 1173 1674 peccatum

238 1679 444 1729 originale,
461 1679 637 1716 omnibus
657 1679 874 1717 hominibus
893 1679 986 1716 dare
1006 1690 1172 1716 consue-

238 1733 296 1771 vit
316 1737 354 1771 et
374 1733 500 1782 reipsa
515 1733 582 1770 dat
596 1732 829 1771 sufficientia
844 1732 992 1770 auxilia
1011 1733 1060 1770 ad
1076 1731 1173 1769 obti-

238 1787 405 1824 nendam
433 1786 555 1824 vitam
585 1792 799 1834 aeternam3
819 1798 1027 1835 omnesque
1056 1785 1174 1823 etiam

237 1840 430 1886 infideles,
458 1852 508 1877 ex
537 1842 649 1889 parte
668 1840 760 1887 Dei,
780 1852 847 1878 seu
866 1840 902 1877 in
931 1843 1020 1877 actu
1051 1839 1175 1888 primo

238 1894 384 1931 habent
400 1893 587 1932 auxilium
600 1923 610 1939 ,
630 1893 822 1931 sufficiens
843 1895 889 1932 ad
909 1893 1076 1931 salutem
1091 1906 1100 1940 3
1115 1891 1175 1938 32,

238 1948 543 1996 praedestinatio
559 1950 618 1984 est
635 1959 654 1984 e
667 1948 908 1996 praevisione
925 1946 1171 1996 operum⁴seu

242 2001 479 2039 meritorum.
516 2000 672 2038 Lessius
710 2001 870 2050 eiusque
908 2001 1001 2038 socii
1038 2002 1176 2037 contra

239 2054 508 2104 theologorum
530 2054 836 2092 Lovaniensium
865 2065 1070 2092 censuram
1099 2053 1174 2090 edi-

240 2108 382 2146 derunt
409 2107 607 2146 doctrinae
635 2119 729 2145 suae
757 2108 999 2157 apologiam,
1019 2107 1081 2144 cui
1113 2118 1174 2144 an.

244 2161 343 2199 1588
389 2161 648 2199 Lovanienses
693 2163 953 2210 opposuerunt
990 2171 1176 2197 censurae

240 2227 332 2252 suae
349 2215 622 2252 defensionem.
640 2214 782 2252 Eodem
800 2227 898 2252 anno
915 2225 1027 2251 sacra
1043 2214 1177 2251 Facul-

239 2271 300 2306 tas
316 2269 527 2306 Duaeensis
543 2268 696 2304 casdem
715 2270 764 2306 :34
782 2268 1059 2318 propositiones
1076 2279 1178 2305 acer-

243 2322 340 2360 rima
359 2334 526 2359 censura
547 2321 789 2370 perstrinxit.

292 2376 420 2418 Quum
442 2376 659 2413 animorum
685 2375 951 2413 contentiones
980 2376 1175 2424 utrimque

239 2432 473 2475 crescerent,
493 2429 642 2477 Xystus
659 2428 727 2477 Pp.
742 2428 777 2466 V
794 2428 1076 2478 interpellatus,
1094 2441 1175 2467 rem

239 2484 286 2520 ad
316 2495 356 2521 se
377 2483 568 2521 evocavit.
591 2482 777 2519 Diseussis
808 2494 875 2530 per
904 2483 1102 2530 delegatos
1130 2483 1174 2520 ad

239 2537 310 2574 hoc
330 2549 426 2586 opus
445 2536 642 2583 theologos
664 2535 887 2573 memoratis
913 2536 1174 2584 propositioni-

240 2591 330 2637 bus,
350 2591 469 2629 Lessii
500 2588 676 2638 apologia
706 2591 824 2636 atque
845 2591 1020 2626 censuris
1044 2590 1175 2626 Leva-

242 2644 431 2682 niensium
448 2647 487 2681 et
503 2642 762 2681 Duacensium
779 2642 1062 2691 theologorum,
1081 2644 1176 2680 Pon-

240 2697 336 2735 tifex
353 2697 598 2747 quaestiones
614 2698 886 2733 controversas
900 2709 969 2732 non
989 2696 1176 2741 desinivit,

237 2753 302 2789 sed
325 2753 372 2789 ad
390 2751 654 2788 terminandas
671 2750 805 2786 noxias
821 2749 1089 2786 contentiones
1104 2751 1176 2787 sub

239 2817 361 2853 poena
398 2803 809 2842 excommunicationis
839 2803 1014 2850 partibus
1052 2804 1176 2851 prohi-

238 2858 349 2904 buit,
380 2871 426 2896 ne
467 2870 544 2895 una
574 2857 736 2895 alterius
765 2856 979 2893 sententias
1008 2868 1175 2894 censura

238 2915 408 2956 notaret,
429 2912 549 2948 donec
577 2910 816 2947 auctoritate
845 2909 1055 2958 apostolis-a
1086 2909 1175 2946 fuis-

237 2970 324 3002 sent
344 2965 537 3002 definitae.
573 2965 656 3006 Quo
677 2962 885 3011 apostolis-o
909 2963 1088 3000 mandato
1112 2976 1175 3011 pei·

236 3019 442 3056 Octavium
487 3017 722 3066 Frangipani
747 3046 755 3062 ,
785 3016 896 3053 Sedis
930 3016 1174 3064 Apostolicae

236 3074 334 3121 apud
352 3071 542 3109 Coloniam
567 3071 758 3111 nuntium,
777 3070 991 3107 Levaniuni
1013 3071 1174 3119 perlato,

235 3127 449 3162 animorum
472 3126 667 3162 contentio
688 3123 880 3160 deferbuit
902 3122 924 3161 ¹.

277 3208 283 3228 ¹
304 3210 339 3238 ‹21‘
354 3210 443 3239 Lirin.
470 3210 505 3237 il·-
523 3210 637 3248 nynig
655 3207 799 3239 llis-tortu
819 3206 1115 3246 Couyreqa‘lorium
1139 3205 1175 3235 ιΙν

234 3250 381 3288 auxiliis,
398 3252 416 3282 l.
434 3251 462 3289 Ι,
480 3252 510 3282 ll.
529 3249 767 3290 Sei·1·y,idcni,l.
788 3249 841 3280 let
861 3249 889 3278 V.

839 168 999 197 EPOCHA
1026 167 1079 195 XI.
1109 166 1161 193 AB
1189 163 1328 192 INITIIS
1355 162 1535 190 LVTHERI

1230 268 1233 271 ,
1271 229 1327 265 De
1342 228 1479 266 iisdem
1496 240 1592 277 pene
1608 229 1901 278 quaestionibus
1916 228 2051 266 eodem
2065 227 2163 264 tem-

1219 293 1310 330 pore
1327 281 1472 319 acriter
1490 282 1749 331 disceptatum
1767 284 1827 320 est
1843 283 1880 319 in
1891 280 2090 331 Hispania.
2101 279 2161 317 Ibi

1219 335 1542 383 disputationibus
1557 347 1694 372 ansam
1710 336 1816 372 dedit
1829 336 1940 382 liber,
1952 346 2069 384 quem
2086 333 2158 370 Lu-

1217 387 1377 425 dovicus
1397 388 1564 434 Melina,
1585 401 1605 425 e
1636 389 1674 426 S.
1698 389 1724 426 I.
1746 393 1786 425 et
1804 389 1955 426 Eborae
1983 389 2022 425 in
2041 385 2161 425 Lusi-

1217 441 1325 477 tania
1353 453 1382 478 s.
1403 441 1642 490 Theologiae
1670 441 1866 491 professor
1885 471 1896 486 ,
1925 454 2024 479 anno
2057 439 2158 478 1588

1218 506 1305 531 cum
1325 495 1602 543 approbatione
1623 495 1868 544 Inquisitoris
1884 494 2062 532 Lusitani
2083 493 2159 530 edi-

1218 547 1272 585 dit
1292 548 1338 585 de
1359 549 1565 586 concordia
1584 549 1697 586 liberi
1723 548 1877 585 arbitrii
1907 560 1994 585 cum
2022 546 2159 584 divina

1217 602 1356 649 gratia,
1369 602 1625 650 praescientia
1641 605 1680 639 et
1695 601 2060 651 praedestinatione.
2077 600 2155 638 Mo-

1217 654 1317 701 lina,
1338 656 1387 692 ad
1408 655 1688 693 conciliandum
1708 655 1876 692 liberum
1896 653 2062 692 hominis
2089 665 2159 692 ar-

1219 708 1377 745 bitrium
1398 721 1485 745 cum
1506 709 1640 746 divina
1659 708 1808 757 gratia,
1828 708 2006 753 docebat,
2024 707 2159 744 homi-

1217 773 1304 798 nem
1334 761 1477 800 nativis
1506 762 1584 800 suis
1614 762 1786 808 viribus,
1805 774 1873 799 seu
1894 760 2067 810 generali
2088 760 2159 798 Dei

1217 827 1403 852 concursu
1420 845 1430 862 ,
1456 816 1610 863 operari
1637 827 1746 864 posse
1782 815 1930 863 aliquid
1957 813 2159 852 moraliter

1219 868 1424 917 boni,quod
1435 870 1592 918 quidem
1605 870 1755 907 nullum
1766 867 2064 917 supernaturale
2076 879 2158 916 pre-

1218 921 1314 958 tium
1335 925 1374 959 et
1394 923 1575 960 meritum
1597 934 1666 972 pro
1687 923 1814 960 salute
1833 922 1989 967 habeat,
2009 933 2084 969 quo
2103 924 2160 959 ta·

1219 987 1306 1011 men
1327 976 1432 1013 Deus
1451 982 1655 1013 moveatur
1676 977 1722 1013 ad
1744 976 1910 1025 gratiam
1940 986 2055 1012 suam
2083 974 2157 1012 ho-

1218 1028 1330 1075 mini,
1350 1029 1493 1079 nativis
1512 1030 1593 1067 suis
1613 1030 1759 1067 viribus
1778 1027 2044 1077 benemtenti,
2062 1040 2158 1065 con-

1218 1080 1440 1130 ferendam3
1460 1095 1531 1132 per
1550 1084 1858 1132 cooperationem
1880 1081 2045 1120 hominis
2071 1093 2158 1119 cum

1219 1137 1347 1185 gratia
1365 1135 1449 1173 fieri
1464 1166 1472 1181 ,
1495 1139 1536 1174 ut
1555 1137 1682 1185 gratia
1703 1136 1897 1174 sufficiens
1921 1135 1990 1182 fiat
2009 1134 2158 1182 efficax,

1217 1193 1256 1226 et
1277 1190 1388 1226 homo
1410 1202 1530 1239 usque
1550 1191 1589 1227 in
1609 1190 1728 1227 finem
1745 1190 1780 1227 in
1801 1191 1898 1227 bono
1918 1191 2156 1238 perseveret.

1218 1242 1399 1280 Liberum
1421 1255 1513 1281 vero
1535 1244 1700 1281 hominis
1719 1243 1925 1281 arbitrium
1947 1253 2037 1280 cum
2057 1242 2157 1280 divi-

1218 1308 1265 1332 na
1285 1297 1544 1345 praescientia
1569 1300 1608 1334 et
1635 1297 1993 1346 praedestinatione
2022 1295 2156 1333 conci-

1215 1350 1336 1387 liabat
1355 1362 1425 1399 ope
1444 1351 1628 1388 scientiae
1650 1351 1812 1397 mediae,
1833 1362 1910 1399 qua
1927 1351 2031 1388 Deus
2052 1361 2158 1398 prae-

1219 1404 1380 1449 viderit,
1401 1404 1492 1452 quid
1511 1404 1646 1450 homo,
1666 1405 1705 1440 in
1735 1404 1795 1441 his
1827 1404 1886 1441 vel
1914 1403 1992 1442 illis
2019 1414 2155 1441 rerum

1217 1457 1409 1494 adiunctis
1437 1469 1504 1506 pro
1525 1469 1596 1495 sua
1615 1458 1797 1495 libertate
1816 1462 1977 1496 acturus
1997 1456 2060 1494 vel
2078 1468 2155 1494 non

1216 1514 1375 1548 acturus
1394 1511 1465 1557 sit,
1485 1522 1564 1559 qua
1583 1511 1841 1560 praescientia
1859 1511 2058 1549 actionum
2077 1510 2154 1548 hu-

1217 1575 1421 1601 manarum
1436 1564 1594 1602 libertas
1610 1565 1768 1602 minime
1787 1566 2038 1613 tangeretur;
2053 1563 2154 1612 quod

1217 1618 1329 1654 homo
1351 1630 1425 1654 non
1447 1618 1533 1655 ideo
1553 1621 1702 1667 ageret,
1723 1618 1925 1666 quiaDeus
1939 1617 2156 1667 praevidit,

1216 1673 1282 1709 sed
1303 1671 1430 1720 potius
1445 1672 1550 1710 Deus
1569 1683 1637 1721 pro
1657 1671 1880 1720 plenissima
1898 1683 1968 1709 sua
1983 1670 2156 1709 cuiusvis

1216 1726 1272 1762 rei
1306 1725 1524 1774 cognitione
1552 1726 1590 1762 id
1621 1725 1889 1774 praevideret,
1913 1724 2015 1774 quod
2043 1724 2156 1762 homo

1218 1779 1347 1827 reipsa
1366 1781 1468 1816 esset
1486 1783 1659 1817 acturus.
1680 1779 1741 1816 Ita
1769 1779 1914 1829 pariter
1943 1777 2157 1817 secundum

1217 1832 1402 1870 Molinam
1424 1832 1529 1871 Deus
1549 1834 1598 1871 ad
1617 1833 1739 1870 vitam
1761 1837 1961 1871 aeternam
1989 1831 2156 1881 praede-

1216 1886 1379 1924 stinavit
1391 1898 1468 1931 eos,
1483 1898 1580 1936 quos
1599 1886 1750 1935 gratiae
1770 1898 1862 1925 suae
1882 1888 2157 1935 cooperaturos

1219 1952 1285 1989 per
1304 1941 1507 1977 scientiam
1530 1940 1695 1978 mediam
1712 1940 1920 1990 praevidit3
1935 1951 2034 1989 quae
2052 1949 2158 1989 prae-

1218 1994 1444 2040 destinatio,
1467 1997 1598 2043 utpote
1620 2006 1694 2030 non
1717 1994 1919 2039 absoluta,
1938 1993 2005 2032 sed
2026 1993 2155 2042 hypo-

1217 2048 1366 2085 thetica
1393 2058 1461 2084 seu
1492 2047 1654 2085 fundata
1681 2047 1722 2084 in
1750 2048 1928 2097 praevisa
1955 2045 2157 2084 hominum

1218 2101 1500 2150 cooperatione,
1520 2101 1642 2138 libero
1662 2112 1796 2139 eorum
1818 2101 1980 2139 arbitrio
1999 2099 2158 2138 minime

1220 2155 1403 2192 officeret.

1270 2208 1418 2246 Verum
1441 2208 1564 2254 multi,
1580 2208 1618 2245 in
1640 2208 1774 2256 primis
1790 2209 1898 2246 Dom.
1911 2207 2065 2245 Bannez
2080 2205 2160 2244 alii-

1218 2274 1291 2310 que
1307 2262 1548 2299 Or‹1l.Praed.
1566 2261 1751 2310 theologi,
1766 2261 1806 2299 in
1823 2261 2024 2311 Hispania,
2045 2260 2083 2298 in
2105 2259 2158 2296 li-

1218 2316 1331 2352 brum
1350 2314 1522 2352 Molinae
1541 2315 1685 2352 invecti
1706 2319 1813 2361 sunt,
1835 2326 2002 2362 eumque
2021 2314 2069 2351 ad
2090 2313 2159 2350 In-

1218 2368 1462 2417 quisitionem
1485 2367 1720 2406 detulerunt.
1734 2369 1842 2406 Illius
1862 2380 1956 2406 vero
1972 2366 2160 2405 defensio-

1220 2433 1306 2458 nem
1339 2426 1589 2470 susceperunt
1618 2422 1788 2472 theologi
1818 2421 2024 2460 Societatis
2056 2420 2156 2458 Iesu.

1219 2475 1426 2524 Utrimque
1448 2475 1644 2512 ardentius
1665 2475 1923 2525 disceptatum
1948 2478 2018 2513 est.
2041 2474 2160 2512 Brevi

1220 2532 1306 2577 post
1326 2529 1481 2566 eaedem
1502 2529 1791 2567 controversiae
1808 2541 1883 2566 non
1900 2529 2023 2566 solum
2039 2527 2076 2565 in
2090 2527 2158 2565 Hi-

1218 2582 1366 2630 spania,
1378 2582 1443 2619 sed
1460 2583 1497 2620 in
1512 2583 1677 2620 aliarum
1694 2583 1811 2620 etiam
1825 2582 2026 2632 regionum
2042 2581 2158 2619 scho-

1220 2636 1275 2672 las
1291 2636 1655 2684 penetraruutAlh,
1668 2637 1731 2685 qui
1744 2637 1781 2674 in
1799 2636 1939 2674 scholis
1955 2634 2050 2673 dicti
2066 2636 2158 2672 sunt

1219 2689 1458 2736 'l'lioinistae‚
1479 2689 1580 2737 quod
1601 2701 1642 2727 se
1659 2702 1687 2727 s.
1704 2690 1878 2727 Thomae
1894 2688 2062 2737 vestigia
2077 2699 2159 2726 sen-

1219 2742 1437 2791 tentiasque
1466 2743 1575 2791 sequi
1605 2744 1896 2790 contenderent,
1924 2742 2076 2791 gratiae
2092 2741 2158 2779 ef-

1219 2796 1393 2833 ficaciam
1424 2797 1654 2845 repetebant
1682 2809 1731 2835 ex
1758 2797 1972 2835 intrinseca
1999 2795 2086 2833 eius
2105 2794 2158 2841 vi,

1219 2862 1293 2898 qua
1314 2850 1415 2887 Deus
1436 2850 1740 2899 independenter
1759 2862 1782 2888 a
1800 2860 2044 2899 quocumque
2071 2860 2159 2886 con-

1218 2916 1327 2940 sensu
1342 2906 1555 2949 creato,seu
1571 2905 1726 2953 physice
1742 2903 2075 2954 praedeterminat
2091 2913 2157 2938 vo-

1219 2957 1409 2994 luntatem
1432 2958 1641 2995 humanam
1671 2959 1718 2995 ad
1750 2961 1878 2995 actum
1907 2955 2156 3002 eliciendum,

1218 3010 1271 3047 ita
1295 3015 1334 3047 nt
1357 3012 1482 3054 homo,
1503 3012 1576 3048 hac
1599 3011 1726 3059 gratia
1746 3011 2038 3054 determinatus,
2059 3020 2155 3047 sem-

1219 3076 1285 3112 por
1305 3070 1340 3100 ot
1365 3064 1619 3102 infallibiliter
1639 3069 1754 3114 agat3
1770 3063 1972 3102 seientiam
1989 3062 2155 3100 mediam

1219 3118 1499 3161 nffiioiebantaet
1516 3118 1907 3167 praedestinationem
1923 3127 1998 3154 non
2014 3127 2034 3153 e
2051 3127 2158 3164 prae·

1220 3171 1311 3206 visis
1341 3172 1502 3216 meritis,
1532 3172 1597 3209 sed
1627 3172 1839 3221 gratuitam
1867 3173 1906 3207 et
1940 3168 2157 3207 absolutam

1218 3238 1300 3261 csse
1330 3225 1631 3263 contendebant.
1660 3225 1764 3272 Alii,
1794 3224 1885 3263 dicti
1918 3222 2158 3269 Molinistae‚
