2241 3473
275 151 348 189 194

839 157 997 185 EPOCHA
1026 156 1080 182 XI.
1111 157 1163 183 AB
1191 157 1326 184 INITIIS
1354 157 1530 184 LVTHERI

220 230 281 267 eia
301 228 458 266 easdem
479 226 551 264 sub
568 224 826 274 patrocinium
843 236 872 260 s.
891 221 1061 260 Ursulae
1078 232 1166 258 con-
1209 224 1513 271 praeconceptas
1527 252 1536 268 ,
1567 223 1841 272 deposuerunt,
1858 225 2052 263 haeresim
2080 225 2163 263 eiu-

222 283 425 320 stituisset.
448 281 487 317 S.
520 279 676 326 Angela
695 289 757 315 an.
782 276 884 313 1470
903 276 941 311 in
961 286 1058 323 agro
1078 273 1167 311 Bri-

220 335 344 373 xiensi
367 336 469 379 nata,
492 333 617 385 primo
639 343 700 368 an.
716 330 818 368 1535
835 329 966 378 plures
986 327 1070 377 pias
1085 324 1167 364 vir-

218 390 326 437 gines
348 386 505 426 Brixiae
523 384 717 437 permovit
745 384 793 420 ad
816 382 1025 419 ineundam
1043 380 1168 417 socie-

218 446 354 486 tatem,
388 439 657 488 spiritualibus
688 435 1082 474 confraternitatibus
1111 433 1165 470 si-

220 495 346 532 milem
363 522 371 538 ,
393 493 502 533 cuius
530 492 618 531 finis
648 494 770 535 esset,
796 500 914 538 opera
944 488 1166 525 misericor-

220 549 308 585 diae
325 548 545 595 corporalia
562 548 601 583 et
622 543 846 592 spiritualia
867 552 1068 586 exercere,
1086 552 1172 588 spe-

223 601 352 639 ciatim
374 602 526 649 puellas
546 599 607 649 pie
628 597 850 634 instituere.
871 596 964 633 Illas
980 595 1026 632 ad
1047 594 1167 630 vitam

221 666 465 691 communem
497 667 572 691 non
603 650 883 700 congregavit,
916 649 982 687 sed
1002 646 1167 696 simplici

225 710 314 744 voto
344 708 537 746 castitatis
566 705 792 749 adstrictas,
813 704 851 740 in
875 701 1040 753 privatis
1061 699 1168 738 aedi-

223 762 299 798 bus
324 761 502 799 habitare
533 758 721 810 permisit.
743 758 841 794 Post
861 756 1011 794 obitum
1031 767 1061 792 s.
1083 755 1168 791 An-

223 814 335 863 gelae
366 815 380 864 (
400 814 533 865 1540)
567 813 650 851 eius
679 811 940 849 confessarius
961 811 1000 846 et
1020 808 1170 845 nobiles

222 867 371 916 aliquot
410 874 611 906 matronae
649 868 907 903 memoratam
937 862 1191 900 Societatem.

222 923 502 971 protegendam
521 921 842 969 susceperunt,et
855 928 956 956 anno
980 914 1172 954 15441111-

222 978 440 1024 petrarunt,
463 979 504 1014 ut
526 974 672 1012 Paulus
696 974 766 1021 Pp.
789 972 847 1009 III
870 969 1058 1019 singulari
1080 968 1170 1005 bul-

220 1029 258 1066 la
279 1041 366 1066 eam
383 1028 636 1072 confirmarit,
654 1027 757 1064 facta
773 1025 889 1063 simul
904 1022 1170 1072 superioribus
1190 1028 1191 1038 ¹

221 1085 414 1131 potestate
443 1081 738 1121 constitutiones
769 1091 835 1129 pro
865 1089 999 1116 rerum
1027 1076 1170 1114 adiun-

221 1137 294 1174 ctis
314 1137 492 1174 mutandi
516 1134 542 1164 ¹-

272 1191 437 1228 Demum
470 1191 540 1227 hoc
569 1188 725 1226 saeculo
755 1187 804 1224 ad
833 1184 1056 1233 exemplum
1078 1182 1193 1220 Fra-1

220 1246 325 1281 trum
359 1243 649 1281 misericordiae
678 1242 795 1279 etiam
831 1242 996 1278 Sorores
1017 1236 1172 1274 miseri-

222 1298 359 1335 cordes
392 1298 439 1334 ad
474 1297 649 1334 infirmas
683 1295 744 1333 sui
764 1305 879 1332 sexus
900 1303 1086 1342 personas
1106 1301 1172 1327 cu-

223 1352 365 1389 randas
385 1351 423 1387 in
445 1349 778 1399 Congregationes
799 1347 1029 1385 coaluerunt
1040 1343 1067 1381 ⁴².

277 1405 339 1442 71.
371 1406 522 1441 Annus
542 1404 721 1441 lubilaez·
741 1402 828 1453 (cm.
850 1400 966 1449 1600)
980 1421 1024 1426 -
1043 1398 1171 1439 Quum

222 1459 298 1496 iam
330 1458 529 1506 proximus
551 1461 653 1495 esset
672 1467 796 1494 annus
816 1453 1070 1495 centesimus,
1093 1450 1175 1488 Cle-

224 1524 334 1549 mens
356 1512 424 1560 Pp.
446 1511 541 1549 VIII
565 1512 746 1548 universo
767 1508 851 1546 orbi
871 1506 1086 1545 christiano
1107 1504 1173 1541 Iu-

223 1566 394 1603 bilaeum
425 1564 580 1610 indixit,
601 1563 863 1614 plenissimam
888 1558 1174 1608 indulgentiam

225 1619 437 1657 concedens
472 1619 543 1663 iis,
573 1619 638 1667 qui
678 1617 920 1666 poenitentes
949 1615 988 1651 et
1016 1611 1196 1649 contriti²

224 1674 375 1710 Romae
403 1672 586 1710 basilicas
615 1684 642 1709 s.
678 1670 788 1708 Petri
825 1670 866 1707 in
894 1667 1109 1712 Vaticano,
1144 1677 1173 1703 s.

225 1727 342 1764 Pauli
372 1727 409 1763 in
441 1724 504 1762 via
534 1725 719 1771 Ostiensi,
758 1736 787 1762 s.
819 1721 975 1761 Ioannis
1006 1721 1173 1757 Latera-

227 1781 356 1818 nensis
385 1783 425 1817 et
444 1780 481 1817 S.
509 1780 562 1817 M.
593 1778 754 1817 Maioris
785 1778 923 1815 devote
952 1774 1174 1832 visitarent.

224 1835 369 1871 Omnes
385 1834 431 1870 ad
449 1836 582 1871 tantae
602 1832 753 1882 gratiae
774 1828 1091 1868 consecutionem
1110 1838 1174 1863 in-

228 1888 384 1933 vitavit,
414 1887 604 1936 principes
634 1888 815 1924 hortatus
835 1888 906 1929 est,
929 1886 972 1919 ut
992 1893 1086 1930 erga
1106 1892 1176 1929 pe·-

232 1941 409 1990 regrinos
421 1942 586 1978 Romam
608 1940 853 1989 profecturos
881 1934 1176 1975 beneficentiam

229 1998 473 2040 exercerent,
495 1997 533 2031 et
554 2006 628 2042 quo
650 1994 775 2043 magis
793 1991 927 2030 fideles
944 1989 1112 2038 undique
1129 1988 1175 2024 ad

230 2049 444 2086 visitandas
475 2048 656 2085 basilicas
685 2047 887 2091 adliceret,
916 2046 1076 2082 cunctas
1098 2042 1177 2079 ubi-

231 2115 304 2150 que
324 2101 588 2149 indulgentias
617 2113 684 2151 per
712 2103 837 2138 totum
858 2109 1005 2137 annum
1024 2108 1179 2146 suspen-

231 2156 288 2193 dit
307 2154 334 2193 ³.

283 2211 434 2248 Tantus
463 2209 537 2246 fuit
567 2220 752 2245 numerus
784 2206 1092 2256 peregrinorum,
1114 2203 1177 2252 qui

231 2276 332 2301 anno
369 2263 470 2301 1000
499 2263 547 2300 ad
577 2262 802 2299 lucrandam
826 2259 989 2298 Iubilaei
1011 2257 1178 2307 gratiam

232 2319 398 2355 Romam
434 2318 636 2362 venerunt,
666 2319 707 2352 ut
728 2329 749 2351 a
770 2313 958 2351 ministris
978 2311 1180 2360 hospitalis

232 2384 278 2409 ss.
311 2371 520 2408 Trinitatis
549 2369 726 2414 500,000
747 2368 893 2405 fuerint
913 2366 1080 2415 excepti,
1104 2377 1177 2402 non

232 2426 460 2474 computata
488 2424 635 2472 ingenti
669 2422 920 2459 multitudine
943 2431 1093 2464 eorum,
1114 2418 1179 2467 qui

232 2479 270 2515 in
302 2478 468 2527 propriis
498 2477 743 2526 singularum
777 2474 978 2512 nationum
1005 2473 1178 2510 xenodo-

234 2533 343 2577 chiis,
373 2532 411 2569 in
436 2530 682 2568 monasteriis
720 2531 762 2565 et
799 2527 977 2565 domibus
1018 2526 1180 2575 privatis

235 2586 393 2623 suerunt
412 2585 601 2634 suscepti3
623 2583 718 2620 adeo
741 2585 782 2619 ut
803 2583 840 2618 in
866 2581 1092 2617 universum
1114 2591 1181 2616 nu-

236 2651 367 2676 merus
396 2651 545 2681 eorum,
575 2638 638 2685 qui
662 2639 743 2672 toto
765 2636 835 2672 hoc
853 2646 953 2671 anno
975 2634 1012 2670 in
1033 2633 1178 2670 Urbem

235 2697 439 2738 venerunt,
459 2693 496 2736 3,
513 2691 604 2736 000,
619 2690 697 2727 000
715 2689 910 2726 credatur.
929 2687 1042 2725 Multi
1061 2686 1178 2724 etiam

235 2746 432 2790 haeretici,
460 2745 542 2783 sive
571 2743 797 2781 curiositate
827 2742 907 2778 sive
939 2741 1025 2778 aliis
1055 2740 1181 2777 causis

235 2800 390 2843 adlecti,
412 2800 577 2836 Romam
600 2800 804 2839 venerunt,
822 2795 1027 2844 pluresque
1045 2805 1179 2830 eorum

236 2853 420 2902 spectatis
443 2852 610 2901 pietatis,
631 2849 920 2888 misericordiae
937 2848 1180 2895 aliarumque

236 2907 428 2944 virtutum
452 2905 654 2953 exemplis,
672 2915 772 2951 quae
791 2901 984 2947 Pontifex,
1001 2901 1127 2937 clerus
1144 2903 1180 2937 et

236 2960 399 3010 populus
421 2961 617 2996 Romanus
640 2955 1111 3004 exhibebant,opiniones,
1133 2967 1180 2991 ex

236 3014 379 3063 iniquis
397 3013 665 3050 ministrorum
680 3022 838 3047 suorum
849 3008 1182 3046 criminationibus

237 3073 373 3106 contra
408 3066 636 3104 Pontificem
668 3067 708 3101 et
738 3063 938 3101 ecclesiam
961 3064 1180 3100 Romanam

276 3161 421 3224 1211111101,
441 3159 494 3200 Op.
512 3160 565 3191 cil.

278 3245 292 3268 3
308 3203 445 3278 iiiiiiwie.
463 3243 501 3276 58
518 3242 548 3275 in
568 3242 691 3275 Bullar.
710 3242 850 3275 nanum.
870 3245 889 3273 ι.
907 3240 958 3274 111.

1210 277 1352 313 rarunt
1381 278 1420 313 et
1449 276 1682 314 catholicam
1709 277 1826 315 fidem
1856 279 2026 328 amplexi
2056 283 2159 317 sunt.

1212 328 1272 366 Ex
1301 329 1362 367 his
1392 328 1468 366 fuit
1486 330 1708 378 Stephanus
1732 331 1930 379 Calvinus,
1950 332 2162 371 haeresiar-

1213 383 1309 419 chae
1339 382 1487 429 affinis,
1515 383 1583 432 qui
1613 386 1699 431 post
1727 387 2022 424 conversionem
2049 398 2161 424 suam

1212 435 1399 473 Ordinem
1421 436 1722 474 Carmelitarum
1745 438 2070 477 discalceatorum
2099 439 2163 476 in-

1186 501 1393 538 ⁴gressus,
1423 490 1462 526 in
1498 502 1543 527 eo
1580 490 1742 539 insignis
1781 492 1938 540 pietatis
1967 493 2160 542 specimen
2203 535 2209 543 ¹

1215 544 1394 592 praebuit
1417 555 1537 591 usque
1559 545 1607 581 ad
1624 545 1774 582 obitum
1794 557 1906 582 suum
1921 545 1946 583 1.

1265 597 1327 634 72.
1346 598 1578 646 Religionis
1597 603 1732 635 status
1748 600 1792 635 in
1812 598 1950 636 Gallia
1966 600 2040 637 sub
2054 601 2163 639 Hen-

1211 651 1297 687 rico
1319 650 1448 687 IV—
1471 652 1513 688 In
1535 651 1663 688 Gallia
1684 654 1769 700 post
1788 652 1947 689 Henrici
1969 653 2025 690 III
2053 666 2163 691 mor-

1211 707 1292 740 tem
1313 703 1451 755 (1589)
1482 704 1631 742 bellum
1666 703 1784 743 civile
1814 706 1915 743 inter
1949 707 2164 745 Henricum

1212 769 1346 806 regem
1385 758 1591 796 Navarrae
1618 761 1657 796 et
1686 759 1906 797 Catholicos
1941 759 2163 798 foederatos

1213 811 1489 849 continuatum
1501 816 1559 849 est
1574 824 1693 861 usque
1710 813 1757 850 ad
1775 825 1921 850 annum
1939 813 2068 852 15932.
2080 814 2164 852 Hoc

1213 877 1313 902 anno
1334 865 1529 903 Henricus
1549 866 1596 902 de
1615 866 1868 915 suscipiendis
1884 867 2164 905 catholicorum

1213 919 1336 956 sacris
1355 919 1456 956 serio
1478 919 1690 968 cogitavit,
1711 920 1943 969 collatisque
1972 933 2058 958 cum
2092 922 2164 959 do-

1214 972 1395 1010 ctissimis
1425 973 1521 1011 viris
1551 974 1733 1020 consiliis,
1754 974 1947 1012 haeresim
1968 974 2166 1013 abiuravit

1214 1028 1253 1064 et
1273 1027 1508 1064 catholicam
1527 1026 1644 1064 fidem
1678 1027 1874 1077 professus
1895 1030 1965 1065 est.
1986 1029 2046 1066 Ab
2067 1028 2180 1074 haer

1214 1080 1289 1117 resi
1312 1080 1516 1119 absolutus
1532 1110 1541 1127 ,
1563 1093 1662 1118 anno
1693 1084 1878 1130 sequente
1901 1081 2065 1119 Carnuti
2092 1094 2166 1120 rex

1215 1133 1369 1171 Galliae
1388 1135 1461 1171 sub
1482 1135 1638 1172 nomine
1660 1135 1820 1172 Henrici
1831 1136 1887 1173 IV
1896 1138 2075 1179 sacratus
2094 1138 2165 1174 est.

1215 1188 1359 1225 Eodem
1381 1200 1483 1226 anno
1505 1189 1678 1232 Parisios
1712 1189 1927 1238 ingressus,
1954 1188 2166 1226 honorifice

1214 1246 1405 1290 exceptus
1438 1244 1515 1288 est,
1538 1244 1768 1291 cunctisque
1799 1242 2103 1291 praeteritorum
2119 1255 2167 1280 o-

1217 1295 1367 1332 mnium
1384 1296 1552 1344 gratiam
1572 1296 1774 1334 concessit.
1787 1299 1860 1334 An.
1873 1296 1974 1334 1595
1989 1296 2167 1334 Clemens

1217 1350 1287 1397 Pp.
1308 1349 1403 1387 VIII
1437 1350 1725 1387 absolutionem
1746 1354 1786 1388 et
1805 1349 2164 1388 reconciliationem

1217 1403 1375 1440 Henrici
1417 1403 1471 1441 IV
1511 1403 1774 1450 confirmavit,
1813 1415 1982 1453 eumque
2001 1403 2041 1441 in
2060 1403 2168 1442 inte-

1215 1469 1330 1505 grum
1350 1457 1538 1495 restituit.

1271 1511 1523 1548 Redeuntem
1539 1511 1578 1548 in
1597 1511 1725 1548 Gallia
1746 1522 1881 1560 pacem
1897 1511 2076 1560 graviter
2089 1513 2170 1549 tur-

1216 1564 1328 1601 bavit
1348 1565 1512 1602 Ioannes
1543 1565 1694 1609 chatel,
1723 1565 1949 1603 adolescens
1983 1565 2168 1614 perditis-

1218 1618 1362 1665 simus,
1385 1619 1449 1667 qui
1470 1618 1640 1656 nefando
1661 1618 1820 1656 consilio
1854 1619 2016 1656 necandi
2035 1630 2168 1668 regem

1217 1671 1328 1715 inito,
1363 1684 1424 1709 an.
1458 1672 1559 1710 1594
1593 1684 1684 1709 eum
1718 1673 1800 1710 ictu
1821 1672 1941 1710 cultri
1966 1672 2170 1722 percussit,

1219 1737 1293 1762 non
1312 1728 1443 1763 tamen
1467 1726 1621 1764 occidit.
1643 1726 1781 1764 Chatel
1802 1738 1894 1764 mox
1927 1725 2171 1775 interceptus

1218 1783 1258 1817 et
1271 1779 1462 1829 supplicio
1480 1780 1657 1825 affectus,
1676 1780 1833 1818 sceleris
1848 1780 1907 1818 sui
1923 1792 2066 1829 poenas
2081 1779 2168 1818 luit.

1218 1833 1370 1871 Verum
1390 1846 1510 1883 quum
1532 1834 1571 1871 in
1592 1834 1820 1882 quaestione
1842 1834 2113 1883 respondisset,
2129 1845 2170 1872 se

1219 1887 1311 1924 olim
1346 1887 1458 1925 annis
1478 1889 1502 1926 3
1523 1888 1561 1925 in
1582 1887 1725 1926 scholis
1760 1887 1992 1926 Iesuitarum
2027 1887 2170 1925 studiis

1220 1953 1394 1987 vacasse,
1433 1942 1574 1979 horum
1613 1942 1858 1988 adversarii,
1885 1941 1948 1991 qui
1970 1941 2008 1978 in
2029 1944 2168 1979 senatu

1221 1995 1433 2033 Parisiensi
1452 1996 1564 2033 multi
1581 1997 1705 2040 erant,
1716 1995 1881 2033 Iesuitas
1896 1995 2071 2033 criminis
2086 2007 2172 2032 con-

1221 2049 1390 2086 siliarios
1411 2049 1664 2098 fautoresque
1686 2049 1883 2095 dixerunt3
1913 2061 2005 2087 mox
2033 2061 2169 2086 eorum

1223 2103 1362 2140 domus
1381 2103 1586 2152 explorata
1619 2103 1718 2148 suit,
1751 2103 1816 2141 sed
1846 2102 1943 2140 nihil
1971 2106 2170 2152 repertum

1222 2159 1382 2206 praeter
1402 2156 1588 2202 libellum,
1610 2159 1749 2193 contra
1769 2156 1982 2193 Henricum
2003 2155 2058 2193 IV
2079 2159 2170 2194 ante

1223 2210 1306 2248 eius
1326 2222 1414 2247 cum
1437 2211 1613 2248 Ecclesia
1633 2209 1991 2247 reconciliationem
2007 2209 2171 2256 editum,

1224 2267 1263 2301 et
1283 2275 1305 2300 a
1325 2264 1354 2301 Ι.
1376 2264 1590 2312 Guignard,
1611 2263 1774 2312 Collegii
1801 2263 2009 2301 Societatis
2029 2263 2170 2301 biblio-

1224 2317 1415 2363 thecario,
1435 2317 1673 2356 curiositatis
1702 2329 1833 2362 causa,
1854 2322 1897 2354 ut
1918 2317 1956 2354 in
1977 2317 2172 2355 similibus

1224 2371 1281 2416 fit,
1303 2374 1590 2409 conservatum.
1628 2370 1893 2409 Nihilominus
1922 2381 1992 2419 per
2010 2375 2173 2409 senatus

1224 2424 1458 2462 Parisiensis
1505 2424 1740 2462 sententiam
1787 2424 1994 2474 Guignard
2031 2424 2172 2474 laqueo

1223 2479 1430 2515 damnatus
1444 2509 1452 2523 ,
1473 2490 1683 2527 omnesque
1717 2478 1883 2516 Iesuitae
1918 2489 1967 2516 ex
1987 2478 2172 2516 universo

1226 2543 1345 2581 regno
1367 2533 1570 2581 proscripti
1592 2535 1696 2570 sunt.
1728 2532 1856 2574 Quam
1876 2531 2018 2570 iniuste
2039 2532 2112 2569 hac
2132 2532 2170 2570 in

1225 2597 1265 2622 re
1282 2590 1443 2623 senatus
1459 2592 1595 2623 contra
1611 2585 1776 2624 Iesuitas
1789 2585 2034 2635 processerit,
2045 2588 2172 2623 osten-

1224 2640 1322 2676 dunt
1343 2640 1553 2688 scriptores
1575 2640 1732 2677 minime
1753 2639 1939 2689 suspecti,
1959 2642 2174 2677 testantur-

1225 2705 1314 2741 que,
1337 2694 1365 2731 I.
1387 2693 1523 2731 chatel
1544 2694 1590 2731 ad
1615 2696 1781 2731 mortem
1804 2705 1924 2742 usque
1944 2695 2172 2734 constanter

1226 2747 1454 2793 asseruisse,
1477 2759 1516 2784 se
1539 2747 1695 2796 proprio
1729 2750 1856 2784 marte
1890 2745 2041 2784 facinus
2061 2758 2171 2784 com-

1226 2801 1392 2846 misisse,
1414 2801 1579 2838 Iesuitas
1600 2813 1682 2839 esse
1699 2801 1746 2838 ab
1767 2812 1812 2837 eo
1834 2799 2004 2845 alienos,
2020 2800 2171 2838 nullum

1225 2866 1360 2892 eorum
1381 2855 1451 2892 sibi
1467 2854 1559 2892 illud
1573 2855 1946 2900 suasisse—,senatum
1963 2865 2055 2891 vero
2071 2866 2174 2903 spre-

1225 2912 1266 2945 to
1288 2908 1383 2945 iuris
1403 2908 1552 2954 ordine,
1571 2909 1745 2958 partibus
1766 2919 1840 2945 non
1863 2906 2019 2951 auditis,
2041 2907 2173 2945 nulla-

1226 2975 1298 3010 que
1321 2963 1622 3010 praeteritorum
1643 2966 1683 3000 et
1703 2961 1854 3011 gratiae
1871 2972 1892 2998 a
1910 2971 2002 3009 rege
2022 2972 2174 2998 conces-

1226 3027 1291 3052 sae
1313 3016 1446 3053 hahita
1481 3016 1647 3059 ratione,
1666 3017 1832 3054 Iesuitas
1852 3014 2124 3063 proscripsisse
2145 3013 2172 3052 ³.

1227 3069 1338 3106 Unde
1361 3069 1554 3108 Henrieus
1571 3071 1624 3108 IV
1642 3070 1842 3110 intellecta
1861 3067 2174 3117 opprobriorum,

1268 3134 1281 3175 1
1296 3134 1452 3194 {pendan
1471 3155 1509 3185 :id
1529 3164 1577 3185 an.
1598 3155 1607 3185 1
1617 3153 1746 3185 mist—‘²
1762 3154 1827 3185 Vid.
1848 3163 1875 3193 p.
1895 3151 1962 3184 184.

1267 3198 1280 3218 5³
1296 3198 1496 3228 (lwtiiitizitor
1512 3197 1631 3236 fleury.
1648 3196 1726 3228 [list.
1745 3196 1821 3228 eccl.
1836 3199 1855 3226 t.
1873 3194 2004 3233 xxxvi,
2020 3203 2049 3235 p.
2067 3194 2128 3226 489
2144 3198 2175 3226 et

1227 3240 1303 3278 zei-23
1319 3241 1346 3269 S.
1367 3238 1507 3279 Duplcix,
1523 3238 1665 3271 Histoire
1687 3237 1725 3270 cle
1740 3238 1840 3270 Hem-i
1863 3237 1892 3269 Ie
1910 3235 2029 3275 Grand,
2047 3246 2076 3278 p.
2093 3236 2172 3277 163;
