2241 3473
221 114 297 153 180

165 202 266 229 uvae
285 203 362 228 non
392 201 600 239 expressae
620 189 660 226 in
680 186 866 226 sacrifitie
886 186 1134 233 offerrentur,

162 245 229 282 sed
267 243 378 292 panis
422 244 576 280 tantum
617 243 658 278 et
693 240 797 277 calix
826 239 918 276 vino
947 245 988 277 et
1020 250 1125 288 aqua

207 297 213 304 '
334 295 345 316 1

163 298 426 397 imfitgigsndbat
440 349 534 384 tunc
544 345 734 394 temporis
744 345 781 381 in
793 343 984 393 Hispania
991 344 1047 381 W
1049 356 1126 382 am-

163 403 225 449 ba,
247 401 426 450 princeps
447 411 593 447 genere
615 401 654 436 et
673 397 837 435 bellicae
857 397 916 434 rei
935 397 1051 434 laude
1072 398 1126 433 in-

162 454 302 503 signis,
324 453 389 500 qui
410 453 600 489 adversus
622 451 841 500 perduelles
860 450 1016 487 Vascon
1037 450 1123 487 seli-

162 507 261 544 citer
276 505 480 554 pugnavit,
497 505 783 542 Saracenorum
800 504 976 548 classem,
988 503 1126 551 Hispa-

162 559 220 596 nis
241 561 388 595 metum
410 558 655 602 afferentem,
677 557 886 602 destruxit,
903 559 942 593 et
956 556 1123 604 optimas

161 612 268 660 leges
294 611 343 648 ad
373 611 672 648 instaurandam
704 610 950 658 disciplinam
970 609 1122 646 milita-

159 676 243 701 rem
263 663 367 700 tulit.
661 657 676 672 ⁶

213 717 257 753 In
290 714 420 754 Gallia
449 728 584 754 rerum
611 716 854 765 publicarum
883 714 1123 764 prosperitas

160 769 373 817 deperibat.
401 769 558 807 Etenim
587 771 676 818 post
705 768 953 818 DagebertiI
975 768 1121 805 ebitum

160 822 271 871 (638)
293 822 491 871 plerisque
514 823 676 871 regibus
696 821 737 859 in
763 821 905 871 puerili
922 822 1053 858 aetate
1074 822 1122 858 ad

159 873 298 913 solium
316 876 478 922 evectis,
495 876 807 913 maioresdomus
828 875 898 911 sub
916 874 1044 922 specie
1062 875 1124 911 ad-

159 928 458 966 ministrationis
479 928 614 977 palatii
635 940 800 977 regnum
819 928 945 976 ipsum
961 927 1120 964 admini-

159 983 350 1027 strarunt,
363 984 403 1018 et
414 983 516 1019 nudo
538 982 646 1030 regio
662 981 817 1018 nomine
832 979 960 1029 pueris
972 979 1120 1028 princi-

159 1035 271 1083 pibus
293 1035 441 1080 relicte,
462 1047 655 1072 summam
673 1046 803 1071 rerum
826 1035 865 1071 et
884 1035 1119 1082 potestatem

161 1087 336 1136 regalem
363 1091 605 1137 occuparunt
624 1087 651 1125 ².
681 1087 745 1124 Sic
769 1087 841 1124 sub
871 1086 1044 1124 Clotario
1065 1087 1120 1123 ΠΙ

160 1141 355 1178 Ebreinus
375 1141 638 1179 maiordomus
667 1141 705 1177 in
726 1139 938 1178 Neustriae
960 1142 999 1176 ct
1015 1140 1120 1176 Bur-

160 1194 329 1243 gundiae
351 1195 483 1243 regnis
499 1195 628 1232 omnia
643 1206 713 1243 pre
730 1193 895 1230 arbitrio
911 1193 1044 1241 gessit,
1059 1204 1120 1230 res

160 1259 290 1284 sacras
313 1249 352 1284 et
372 1247 508 1285 civiles
530 1247 786 1296 perturbavit,
807 1246 1062 1283 ecclesiarum
1082 1250 1121 1283 et

161 1302 391 1349 magnatum
407 1302 508 1338 bena
524 1300 743 1349 occupavit,
762 1299 889 1348 plures
907 1299 1120 1347 episcopos,

160 1354 385 1391 sacerdotes
406 1357 444 1391 et
464 1366 645 1403 proceres
667 1353 786 1390 exilio
804 1355 871 1389 aut
888 1356 1011 1389 morte
1027 1352 1119 1390 affi-

162 1407 197 1443 ci
217 1406 352 1452 iussit,
384 1407 597 1455 dignitates
628 1406 912 1444 ecclesiasticas
933 1406 1119 1443 vendidit.

163 1460 269 1496 Idem
293 1460 387 1508 ipse,
409 1460 579 1497 Cletario
604 1472 667 1496 an.
688 1460 766 1496 67Ο
788 1458 1120 1504 defuncto,iunio-

162 1524 243 1549 rem
265 1512 548 1550 Theodericum
572 1513 640 1558 ΙΙΙ,
661 1511 823 1550 Clotarii
844 1511 1010 1548 fratrem
1027 1541 1036 1558 ,
1058 1524 1120 1549 re-

161 1577 251 1614 gem
283 1566 460 1613 creavit3
488 1570 529 1603 at
555 1565 766 1603 Neustriae
797 1567 837 1602 et
866 1565 1121 1613 Burgundiae

161 1630 357 1667 proceres,
378 1619 498 1657 armis
519 1619 692 1656 collectis
712 1620 751 1656 et
771 1617 980 1666 implorate
1003 1618 1120 1655 auxi-

163 1672 215 1708 lio
228 1671 450 1710 Wulfoaldi
467 1672 765 1709 maiorisdemus
775 1671 813 1708 in
826 1671 1032 1708 Austrasia
1049 1672 1119 1708 sub

161 1737 256 1774 rege
284 1725 503 1763 Childerico
525 1726 582 1771 II,
602 1725 817 1762 Ebreinum
840 1728 880 1761 et
899 1724 1120 1761 Theodori-

162 1790 252 1815 cum
273 1778 443 1816 deiectos
462 1782 672 1826 tonsesque
693 1778 731 1814 in
754 1777 1034 1814 monasterium
1053 1779 1118 1815 de-

163 1834 381 1879 truserunt,
403 1834 443 1869 et
459 1832 717 1870 Childericum
735 1831 771 1868 ΙΙ
788 1831 909 1868 totius
927 1830 1119 1869 Franciae

164 1897 297 1933 regem
319 1886 556 1923 salutarunt.

217 1938 460 1975 Childericus
477 1939 511 1975 11
527 1937 809 1986 rempublicam
826 1937 1041 1986 prudenter
1056 1950 1121 1986 gu·

164 1991 346 2028 bernavit
362 1991 548 2039 quamdiu
566 1991 736 2029 consiliis
753 2002 781 2028 s.
800 1990 1028 2039 Leodegarii
1046 1994 1121 2028 Au-

165 2045 467 2092 gustodunensis
498 2056 589 2082 usus
616 2048 693 2090 est3
723 2044 787 2081 sed
816 2044 881 2080 ubi
902 2043 1119 2081 aulicorum

165 2097 326 2134 consilio
348 2098 601 2146 depravatus,
617 2100 796 2134 sanctum
815 2097 1037 2146 episcopum
1054 2109 1119 2135 re-

164 2150 326 2199 legavit,
347 2150 521 2187 omnium
543 2151 676 2187 odium
698 2150 833 2196 subiit,
855 2152 894 2187 et
916 2162 977 2187 an.
1000 2151 1078 2188 673
1099 2163 1121 2188 a

163 2203 379 2241 coniuratis
400 2204 549 2241 occisus
568 2206 638 2241 cst.

217 2257 330 2293 Tunc
364 2256 576 2294 Neustriae
606 2258 645 2293 ct
672 2255 925 2305 Burgundiae
957 2268 1117 2305 regnum

164 2309 313 2358 recepit
340 2309 608 2347 Theodericus
637 2309 706 2346 III.
737 2311 920 2357 Regnum
951 2310 1119 2347 Austra-

163 2360 243 2400 siae
270 2362 442 2400 obtinuit
463 2363 711 2411 Dagobertus
731 2363 780 2399 ΙΙ.
803 2362 998 2400 Ebroinus
1018 2375 1119 2410 quo-

164 2428 240 2463 que
270 2415 506 2453 monasterio
527 2427 707 2464 egressus
728 2419 808 2457 est,
828 2420 866 2451 et
890 2419 1119 2464 recuperate

164 2468 525 2515 maioratudomus,
545 2480 705 2506 saevam
728 2469 979 2518 tyrannidem
1002 2481 1118 2506 exer-

164 2522 258 2568 cuit,
279 2534 460 2571 proceres
480 2534 525 2560 ac
546 2522 745 2571 episcopos
765 2522 802 2558 in
821 2522 981 2559 exilium
1002 2522 1120 2569 misit,

164 2575 260 2612 alies
281 2575 435 2622 eccidit,
451 2576 707 2613 ecclesiarum
725 2575 932 2612 thesauros
949 2576 1119 2624 diripuit,

164 2629 404 2666 monasteria
417 2629 591 2666 vastavit
602 2640 647 2665 ac
660 2628 868 2665 monaches
881 2631 920 2665 ct
932 2629 1119 2667 moniales

164 2682 327 2729 pepulit,
348 2683 518 2731 iamque,
539 2681 743 2719 interfecto
759 2682 908 2719 an.679
925 2682 1120 2730 Dagebcr-

164 2737 203 2770 to
222 2735 269 2780 Il,
289 2736 358 2773 toti
379 2735 573 2772 Franciae
591 2734 841 2783 tyrannidem
862 2734 1045 2771 illaturus
1067 2735 1119 2772 vi-

163 2788 341 2834 debatur,
361 2789 426 2825 scd
448 2801 550 2825 anne
565 2788 640 2825 681
663 2790 703 2825 ct
722 2787 801 2837 ipsc
825 2790 985 2825 necatus
1007 2788 1090 2825 fuit.

220 2841 379 2878 Eliroini
402 2841 653 2890 tyrannidem
675 2842 836 2889 practer
852 2841 949 2878 alies
965 2842 1115 2889 experti

161 2896 252 2931 sunt
281 2906 310 2931 s.
340 2895 605 2943 Lcodegarius
636 2893 1021 2943 Augusteduncnsis,
1052 2895 1114 2942 qui

162 2946 336 2995 praecisa
363 2947 495 2993 lingua
522 2949 560 2984 iu
590 2947 869 2985 monasterium
891 2947 1089 2985 coniectus
1108 2978 1116 2994 ,

162 3001 250 3037 dein
279 3000 362 3036 neci
395 3001 563 3038 traditus
594 2998 723 3046 fuit³,
753 3003 792 3038 et
821 3012 850 3038 s.
882 3000 1113 3039 Lambertus

203 3105 212 3125 ¹
233 3106 344 3143 habim,
359 3105 441 3140 ibid..
459 3114 486 3143 p.
505 3105 574 3135 561.
600 3123 629 3126 —
648 3106 661 3126 '2
679 3105 741 3136 vid.
761 3115 791 3145 p.
808 3106 876 3138 176.

203 3147 217 3166 ²³
234 3148 270 3176 tls
289 3147 408 3184 Butler,
433 3146 498 3178 Vde-s·
514 3147 566 3177 cles
590 3146 644 3177 SS.
661 3147 679 3177 2
704 3152 783 3186 o‹:t.;
808 3148 1016 3187 elios-quiere,
1033 3147 1111 3179 Acta

163 3187 222 3219 SS,
241 3187 344 3228 Belyii
357 3188 482 3227 selectu,
495 3191 512 3218 ῑ.
532 3189 576 3227 iv,
593 3197 621 3227 p,
636 3188 757 3220 tsi-107.

693 123 855 152 EPOCHA
883 123 923 151 V.
952 124 979 150 A
1009 121 1381 151 PSEVDOPROPHETA
1409 123 1610 152 ΜΑΗΟΜΕΤ

1167 187 1447 235 Traiectensis,
1463 187 1530 236 qui
1551 188 1664 226 annis
1677 188 1703 226 7
1721 188 1761 226 in
1777 189 1964 227 coenobio
1992 189 2132 228 Stabu-

1165 240 1219 278 lai
1247 241 1448 288 exulavit,
1477 242 1627 278 intruso
1652 241 1692 278 in
1713 242 1795 280 eius
1815 243 1944 280 locum
1975 243 2130 281 Phara-

1168 294 1310 331 mundo
1329 293 1355 331 ¹.

1221 347 1284 383 27.
1308 346 1558 390 Adeodatus,
1580 346 1737 394 Domus,
1753 348 1786 384 Α
1789 349 1928 396 yatho,
1946 349 2128 398 Pontifi-

1167 400 1366 437 ces—An.
1382 400 1473 444 67⁶2,
1487 397 1547 435 V1⁰
1567 399 1646 436 kal.
1668 399 1778 447 febr.,
1795 412 1824 438 s.
1841 401 2041 439 Vitaliano
2057 403 2128 450 Pp.

1169 452 1216 488 ad
1230 454 1434 490 aeternam
1454 451 1577 488 vitam
1594 455 1768 497 evocato,
1789 465 1987 491 summum
2007 466 2131 492 sacer-

1169 505 1319 542 dotium
1337 505 1618 542 demandatum
1638 505 1712 542 fuit
1723 504 1766 542 x⁰
1778 505 1858 543 kal.
1876 507 1998 544 maias
2008 508 2130 545 Adeo-

1168 557 1598 607 dat-o,patriaRomano
1617 560 1657 595 et
1672 557 1913 606 professione
1927 561 2128 607 monacho,

1166 610 1276 648 cuius
1297 611 1569 648 affabilitatem
1585 612 1624 647 et
1640 611 1939 649 beneficentiam
1956 624 2050 661 erga
2066 625 2127 661 pe·

1166 663 1341 711 regrinos
1369 664 1617 701 commendat
1645 664 1889 702 Anastasius.
1927 664 2032 702 Obiit
2066 665 2128 703 VI⁰

1165 716 1247 753 kal.
1270 716 1350 753 iulii
1373 729 1433 754 an.
1456 716 1544 754 676.

1219 769 1411 807 Kalendis
1437 770 1637 807 novembr.
1660 782 1720 807 an.
1743 770 1820 807 676
1847 769 2128 808 Pontificatum

1164 823 1320 871 excepit
1331 823 1476 868 Donus,
1491 822 1610 859 etiam
1623 824 1840 860 Romanus.
1854 823 1934 860 Sub
1945 824 2018 861 hoc
2030 824 2130 861 Pon-

1165 874 1269 912 tifice
1280 876 1503 924 Reparatus
1520 875 1836 924 archiepiscopus
1853 877 2130 914 Ravennaten-

1164 927 1226 974 sis,
1242 928 1367 965 denuo
1383 940 1479 976 erga
1489 929 1755 977 Apostolicam
1768 930 1909 966 Sedem
1927 929 2128 978 professus

1165 983 1224 1018 est
1250 981 1534 1027 obedientiam,
1562 994 1681 1030 quam
1710 982 1896 1028 Maurus,
1925 982 2128 1031 proximus

1164 1033 1245 1071 eius
1266 1034 1459 1080 decessor,
1485 1036 1748 1072 exarchorum
1782 1036 1960 1084 potentia
1980 1035 2128 1082 fretus,

1164 1089 1393 1125 escusserat.
1411 1088 1551 1125 Brevis
1567 1087 1643 1125 fuit
1654 1088 1906 1136 pontificatus
1917 1088 2028 1136 Doni,
2041 1091 2128 1137 post

1165 1151 1312 1177 annum
1332 1152 1453 1177 unum
1476 1152 1566 1177 cum
1587 1141 1747 1178 dimidio
1769 1141 1955 1178 defuncti.

1219 1194 1260 1230 In
1282 1193 1364 1232 eius
1383 1194 1512 1231 locum
1545 1195 1587 1231 v⁰
1608 1195 1688 1232 kal.
1711 1194 1796 1231 iulii
1817 1206 1880 1232 an.
1902 1194 1981 1232 678
2001 1194 2126 1232 suffe-

1165 1248 1250 1284 ctus
1271 1250 1331 1284 est
1351 1259 1380 1284 s.
1397 1247 1575 1295 Agatho,
1599 1248 1758 1285 natione
1788 1247 1934 1285 siculus
1964 1249 2004 1285 et
2032 1259 2126 1296 pre-

1165 1299 1334 1337 fessione
1356 1301 1595 1346 menachus,
1627 1300 1693 1349 qui
1723 1300 1824 1338 sedit
1845 1312 1965 1349 usque
1985 1302 2034 1338 ad
2063 1313 2126 1339 an.

1165 1352 1256 1391 682.
1279 1353 1316 1390 Is
1336 1353 1551 1390 virtutibus
1574 1355 1614 1391 et
1634 1353 1786 1391 meritis
1805 1353 1968 1400 claruit3
1989 1358 2127 1392 contra

1168 1406 1503 1444 monetheliticam
1533 1407 1724 1444 haeresim
1754 1407 1929 1444 multum
1958 1407 2061 1455 egit,
2084 1409 2127 1444 ut

1166 1458 1270 1496 infra
1290 1459 1524 1505 videbimus3
1546 1459 1629 1497 eius
1651 1459 1830 1508 precibus
1847 1459 2125 1498 Constantinus

1165 1512 1399 1560 imperator,
1429 1513 1660 1560 cognomine
1691 1514 1941 1559 Pogonatus,
1971 1513 2124 1550 remisit

1164 1565 1352 1613 pecuniae
1369 1577 1578 1611 summam,
1594 1578 1617 1603 a
1628 1565 1887 1604 Pontificibus
1900 1577 2031 1604 recens
2043 1566 2120 1603 ele-

1164 1618 1236 1654 ctis
1258 1619 1373 1666 pendi
1394 1618 1551 1655 solitam
1573 1620 1621 1656 ad
1637 1619 1887 1656 obtinendam
1917 1619 2119 1657 electionis

1166 1671 1507 1708 confirmationem
1526 1671 1553 1708 ².

1216 1724 1279 1761 ⁶28.
1295 1725 1334 1762 S.
1350 1725 1402 1762 W
1400 1725 1573 1772 ilfi-idus
1584 1729 1764 1763 vertatur
1776 1722 1862 1774 (an.
1875 1724 2024 1773 678)--
2039 1725 2123 1763 Sub

1166 1777 1277 1814 huius
1299 1777 1552 1826 pontificatus
1577 1778 1690 1815 initia
1719 1778 1888 1815 Romam
1910 1778 2076 1816 advenit
2095 1790 2126 1816 s.

1165 1830 1375 1868 W⁷ilfridus
1394 1860 1403 1875 ,
1424 1831 1625 1880 episcopus
1646 1831 1902 1869 Eberacensis
1919 1829 1945 1868 3.
1968 1831 2127 1869 Etenim

1164 1895 1192 1920 s.
1214 1883 1451 1929 Ediltrudes,
1467 1896 1586 1932 quam
1606 1883 1799 1930 chridus,
1817 1886 1865 1922 ab
1883 1896 1943 1922 an.
1961 1885 2041 1922 670
2058 1896 2127 1922 rex

1163 1936 1470 1974 Northumbriae
1484 1967 1493 1983 ,
1515 1949 1674 1974 uxerem
1697 1937 1884 1982 duxerat,
1904 1940 2066 1975 servata
2085 1937 2126 1974 in

1164 1990 1342 2039 coniugio
1379 1990 1605 2038 virginitate
1636 1993 1675 2028 et
1703 1993 1789 2038 post
1814 1990 1961 2028 multas
1990 2002 2127 2040 preces

1165 2047 1324 2092 accepte
1350 2043 1456 2092 regis
1475 2056 1668 2081 consensu
1682 2072 1691 2089 ,
1712 2043 1751 2080 in
1775 2044 2014 2081 monasterio
2033 2055 2128 2081 san-

1164 2096 1451 2133 ctimonialium
1479 2097 1658 2134 velamen
1690 2108 1710 2133 e
1738 2108 1857 2134 manu
1891 2109 1920 2134 S.
1943 2096 2126 2135 wilfridi

1164 2153 1400 2198 susceperat.
1420 2150 1546 2187 Paulo
1563 2152 1648 2198 post
1665 2149 1846 2187 chridus
1879 2150 1919 2187 in
1949 2151 2127 2187 sanctum

1165 2203 1383 2250 praesulem
1409 2202 1553 2248 iratus,
1573 2206 1614 2239 ct
1635 2202 1805 2240 consiliis
1828 2202 2127 2252 Ilmimburgae,

1165 2267 1281 2303 quam
1313 2257 1399 2303 post
1418 2267 1614 2293 secessum
1640 2268 1668 2293 s.
1694 2255 1911 2292 Ediltrudis
1933 2256 2127 2302 duxerat,

1168 2308 1390 2354 excitatus,
1429 2308 1540 2345 illum
1578 2310 1667 2346 sede
1697 2309 1931 2347 Eboraccnsi
1961 2308 2127 2346 deiicere

1166 2361 1305 2398 constit
1316 2363 1438 2398 uerat.
1450 2361 1539 2402 Qua
1551 2362 1598 2399 de
1611 2374 1728 2399 causa
1741 2362 1960 2408 Theodoro,
1972 2361 2127 2399 archie-

1165 2414 1318 2462 piscopo
1331 2414 1603 2452 Cantuaricnsi
1621 2418 1659 2451 et
1672 2416 1703 2452 A
1711 2415 1841 2463 ngliae
1854 2414 2026 2464 primati,
2037 2426 2128 2463 per-

1164 2467 1299 2513 suasit,
1323 2469 1366 2504 ut
1386 2467 1594 2505 dioecesim
1619 2469 1903 2506 Eberacenscm
1933 2469 2129 2506 scinderet

1165 2532 1361 2567 novosque
1378 2521 1416 2557 iu
1441 2533 1486 2557 oa
1513 2521 1758 2569 episcopatus
1779 2521 2017 2558 institueret.
2041 2521 2126 2558 Re-

1162 2573 1262 2610 stitit
1292 2573 1381 2610 liuic
1402 2573 1490 2610 inno
1501 2574 1648 2611 vatieni
1670 2586 1699 2611 s.
1719 2574 1943 2612 wilfridus.
1964 2573 2124 2612 Nihilo-

1163 2625 1291 2663 minus
1330 2626 1561 2664 'l‘lieederus
1590 2627 1885 2665 Cantuariensis
1903 2657 1912 2673 ,
1940 2626 2125 2675 speciosis

1163 2679 1266 2727 regis
1296 2679 1513 2717 rationibus
1538 2682 1695 2729 captus,
1728 2680 1766 2717 in
1794 2680 1922 2718 locum
1944 2679 2124 2717 wilfridi

1161 2731 1358 2768 ordinavit
1383 2733 1523 2770 Rosam
1546 2733 1795 2782 Hagulstaldi
1827 2744 1895 2782 pro
1915 2732 2098 2770 Deiorum
2113 2762 2123 2779 ,

1162 2785 1390 2822 Eadhedum
1408 2798 1474 2834 pro
1493 2786 1828 2824 Liudisfarnerum
1845 2788 1884 2824 et
1904 2786 2045 2823 Eatam
2068 2786 2119 2823 E-

1161 2838 1289 2875 boraci
1328 2851 1397 2886 pro
1428 2839 1699 2876 Bernicierum
1720 2838 1934 2888 provincia.
1958 2838 2121 2877 Interim

1204 2944 1210 2964 ¹
1231 2945 1268 2973 (ts
1283 2944 1354 2973 Bell.
1370 2943 1514 2975 AeſtrcSS.
1528 2947 1544 2974 t.
1559 2945 1577 2973 V
1593 2947 1670 2983 scpt.
1685 2943 2032 2983 p.518;Butlcr‚iliid.l7
2046 2947 2124 2983 sept.

1200 2985 1213 3005 *2
1232 2986 1260 3014 1¹.
1281 2985 1318 3015 «lc
1332 2986 1443 3021 Mart-21,
1468 2986 1519 3016 lib.
1536 2986 1617 3021 Vlll,
1646 2984 1683 3015 ala
1712 2985 1870 3016 Concord.
1895 2984 2016 3016 sacerd.
2042 2995 2066 3015 c.
2093 2986 2124 3022 9,

1158 3025 1172 3065 ᾖ
1195 3026 1237 3062 ΙΝ,
1256 3028 1331 3057 hacc
1349 3027 1455 3057 habet:
1475 3038 1485 3054 ι(
1503 3027 1720 3057 Constantinus
1742 3029 1812 3064 post
1836 3027 2006 3057 Concilium
2023 3027 2059 3057 Vl
2077 3027 2121 3057 in-

1157 3068 1253 3098 dulsit
1271 3069 1466 3106 petitionibus
1479 3069 1603 3099 loannis
1621 3068 1720 3106 Episc.
1740 3069 1881 3098 l'ertueu.
1901 3070 1932 3098 ut
1947 3067 2044 3098 libera
2066 3078 2119 3097 es-

1156 3112 1199 3139 sct
1220 3109 1355 3139 Ecclesia
1374 3111 1510 3140 Roman-'i
1528 3119 1545 3139 a
1562 3109 1714 3139 solutione
1732 3109 1927 3148 quantitatis¹
1952 3118 2032 3148 quac
2056 3109 2117 3140 sul·

1156 3151 1254 3180 venda
1273 3153 1336 3180 crat
1355 3160 1410 3189 pre
1426 3151 1661 3182 confirmatione
1679 3149 1835 3180 l'outiticis
1849 3150 1978 3181 Romani
1995 3161 2024 3181 υ.

1193 3192 1207 3214 ³
1224 3192 1288 3222 Vid.
1307 3201 1335 3231 p.
1358 3191 1422 3223 177.
