2241 3473
662 172 788 204 vsovss
816 171 868 200 AD
894 166 1218 198 IANSENISTARVM
1246 168 1422 198 Exoama

109 241 157 280 ab
176 253 236 279 an.
254 239 355 279 1555
373 239 547 278 severius
566 239 605 277 in
624 239 842 278 haereticos
862 236 1038 275 animad-

108 305 265 332 versum
281 297 351 339 est,
372 295 488 331 etiam
509 293 608 343 ignis
628 292 836 342 supplicio,
855 292 955 339 quod
976 291 1038 327 in-

107 351 170 385 ter
187 347 282 384 alios
303 347 549 384 Crammerus
569 359 637 384 ceu
661 345 870 395 perduellis
890 347 929 381 ct
948 344 1041 380 hae-

108 401 248 438 reticus
268 400 383 437 subiit
403 412 462 437 an.
488 400 598 438 1556.
621 399 731 436 Hanc
751 402 881 436 tamen
902 396 1043 434 severi-

107 455 228 490 tatem
258 464 331 490 non
370 453 546 501 probavit
571 452 777 490 cardinalis
813 451 949 495 Polus,
977 449 1040 498 qui

107 506 316 554 primatiali
331 506 514 543 ecclesiae
526 504 793 543 Cantuariensi
810 502 1040 552 praefectus,

108 569 250 607 magna
266 571 351 596 cum
370 558 575 608 prudentia
595 558 698 595 mala
714 556 907 605 Religioni
930 556 1041 592 illata

106 622 303 661 reparare,
319 612 562 662 disciplinam
582 611 618 648 in
640 611 742 648 clero
761 614 800 647 et
820 608 957 658 populo
978 608 1039 645 in-

106 669 294 712 staurare,
315 666 543 703 Academias
563 664 788 707 reformare,
808 661 969 709 antiqua
988 661 1040 697 in-

106 718 247 756 stituta
267 723 305 757 et
325 719 406 767 pias
427 717 724 756 consuetudines
743 715 950 753 restituere
971 725 1040 751 co-

108 774 221 810 natus
241 774 310 809 est.
331 772 476 809 Verum
497 782 574 820 quo
594 771 722 807 minus
742 767 871 805 omnia
890 768 965 805 ista
983 779 1036 804 re-

106 825 292 862 stituendi
314 824 508 873 Religioni
529 823 697 871 priscum
717 822 963 870 splendorem
983 832 1042 858 co-

106 879 261 915 namina
280 877 434 926 plenum
456 879 495 914 et
514 876 689 914 stabilem
712 875 894 913 effectum
914 885 1041 911 conse-

105 935 335 979 querentur,
354 930 557 977 impedivit
585 941 687 966 mors
707 929 854 967 Mariae
884 927 1040 976 reginae

105 987 145 1021 et
163 983 369 1020 cardinalis
386 983 481 1030 Poli,
495 985 559 1032 qui
581 983 693 1020 ambo
714 994 774 1020 an.
796 980 895 1018 1558
915 981 1041 1018 deces-

105 1039 240 1074 serunt
259 1036 283 1074 ¹.

157 1089 218 1128 39.
239 1090 463 1138 Reliyz'onz's
477 1095 607 1127 status
623 1090 666 1126 in
683 1089 819 1126 Gallia
832 1087 932 1124 ——In
950 1086 1036 1124 Gal-

104 1141 178 1189 lia,
198 1155 273 1180 non
293 1144 468 1181 obstante
488 1142 685 1180 Francisci
704 1142 808 1190 regis
829 1142 869 1187 Ι,
890 1140 1041 1189 episco-

104 1207 241 1245 porum
262 1200 300 1233 et
319 1208 453 1234 sacrae
473 1195 688 1234 Facultatis
709 1195 938 1233 Parisiensis
958 1193 1036 1230 sol-

105 1249 305 1287 licitudine
325 1251 371 1287 de
391 1250 655 1287 conservanda
674 1248 782 1286 Fidei
801 1247 1039 1296 integritate,

103 1302 332 1340 lutheranae
343 1306 382 1340 et
397 1303 641 1340 calvinianae
658 1302 852 1338 novitates
868 1311 1040 1350 progres-

103 1366 186 1393 sum
217 1355 403 1394 fecerunt.
425 1358 537 1393 Anno
561 1357 661 1393 1547
681 1355 887 1392 Francisco
907 1354 923 1391 I
946 1366 1040 1391 suc-

103 1409 218 1446 cessit
238 1409 428 1447 Henricus
457 1410 506 1455 ΙΙ,
535 1409 638 1446 filius
658 1409 750 1454 eius,
767 1408 831 1457 qui
852 1408 898 1445 ad
920 1407 1039 1456 patris

103 1462 325 1511 exemplum
346 1463 564 1500 novitatum
573 1462 842 1511 religiosarum
855 1472 1038 1510 progres-

103 1515 230 1552 siones
245 1516 381 1554 edictis
401 1518 461 1554 sat
481 1516 627 1554 severis
642 1514 857 1564 reprimere
878 1515 1038 1550 conatus

102 1570 173 1614 est3
199 1570 262 1606 sed
292 1570 387 1606 haec
415 1581 489 1607 non
520 1569 778 1618 impedivere,
807 1579 881 1616 quo
910 1567 1039 1604 minus

103 1621 344 1660 calvinianae
381 1623 580 1672 religionis
613 1624 824 1660 sectatores
858 1620 1038 1657 continuo

103 1675 465 1724 multiplicarentur.
484 1675 637 1713 Profuit
656 1675 701 1712 iis
722 1674 850 1711 vicina
865 1674 1037 1719 Geneva,

106 1728 204 1765 unde
224 1729 400 1767 doctores
419 1733 456 1766 et
475 1730 620 1778 scripta
635 1728 861 1774 affluebant3
878 1726 1037 1775 profue-

102 1785 196 1818 runt
215 1782 332 1819 etiam
362 1782 544 1820 continua
574 1782 730 1819 Henrici
752 1782 787 1819 ΙΙ
817 1793 901 1817 cum
932 1780 1036 1829 regi-

102 1834 173 1872 bus
189 1836 354 1885 Angliae
368 1839 408 1873 et
423 1836 632 1884 Hispaniae
644 1835 757 1880 bella,
768 1835 926 1883 propter
941 1845 1039 1882 quae

103 1888 230 1925 edicta
246 1892 383 1927 eontra
397 1889 614 1927 haereticos
629 1888 888 1937 negligentius
903 1899 1040 1924 execu-

102 1942 196 1978 tioni
217 1943 518 1980 mandabantur.
541 1942 599 1979 Ex
620 1942 710 1990 ipsis
731 1941 840 1989 regni
861 1940 1038 1989 proceri-

102 1994 174 2032 bus
205 1994 333 2044 plures
362 1996 603 2034 novitatibus
631 1994 821 2044 religiosis
850 1994 1036 2031 adhaese-

101 2050 207 2094 runt,
228 2048 330 2087 inter
349 2061 444 2098 quos
465 2049 696 2086 celebriores
716 2051 830 2085 erant
849 2048 1038 2084 Antonius

102 2101 342 2140 Borbonicus
361 2114 432 2140 rex
447 2102 666 2147 Navarrae,
681 2102 764 2138 eius
781 2100 902 2138 frater
918 2100 1038 2137 Ludo-

101 2155 210 2193 vicus
228 2155 406 2205 princeps
425 2157 643 2201 Condaeus,
660 2155 856 2203 Gasparus
873 2154 919 2190 de
934 2153 1037 2191 Coli-

103 2218 183 2257 gny
202 2208 420 2257 praefectus
441 2209 574 2246 classis
593 2208 756 2254 navalis,
775 2207 936 2255 eiusque
956 2206 1039 2244 fra-

102 2263 163 2298 ter
190 2261 420 2300 Franciscus
447 2273 621 2300 summus
649 2260 831 2298 bellidux.
854 2260 1040 2302 Quamvis

103 2314 152 2351 ab
177 2313 289 2352 initio
317 2318 525 2354 novatores
544 2316 582 2352 in
604 2315 733 2352 Gallia
753 2313 928 2363 plerique
948 2325 1040 2350 sen-

103 2367 222 2404 tirent
240 2379 327 2405 cum
348 2369 533 2415 Luthero,
558 2367 779 2405 calviniana
800 2370 933 2404 tamen
954 2366 1038 2415 pla-

103 2419 180 2457 cita
208 2423 522 2470 praevaluerunt.
545 2422 625 2459 Iam
646 2433 810 2458 numero
832 2425 872 2458 et
891 2420 1039 2457 viribus

103 2473 228 2520 aucti,
248 2486 308 2512 an.
334 2475 433 2513 1559
453 2475 614 2512 Parisiis
642 2476 832 2524 synodum
862 2473 1038 2510 celebra-

102 2529 213 2572 runt,
231 2527 271 2564 in
293 2539 369 2576 qua
385 2529 597 2566 secundum
617 2527 766 2566 Calvini
788 2526 930 2576 placita
947 2526 1034 2563 fidei

103 2579 380 2618 confessionem
406 2584 445 2619 et
468 2581 765 2619 ecclesiasticam
795 2579 1037 2628 disciplinam

101 2635 414 2683 composuerunt.
435 2634 579 2672 Eodem
607 2646 710 2672 anno
730 2633 826 2671 obiit
845 2632 1038 2670 Henricus

102 2697 173 2724 rex
192 2687 240 2725 11.

153 2739 461 2778 Sub'Francisco
481 2739 536 2785 ΙΙ,
557 2739 622 2789 qui
642 2739 810 2778 Henrico
837 2739 938 2788 patri
969 2750 1036 2776 suo

100 2794 308 2839 successit,
328 2794 502 2842 principe
526 2793 656 2830 iuveni
683 2796 722 2831 et
739 2793 914 2838 infirmo,
935 2792 1035 2840 regi-

100 2857 186 2884 men
206 2848 377 2884 maxima
396 2859 417 2884 e
437 2848 546 2895 parte
565 2845 640 2884 fuit
659 2847 758 2894 apud
780 2845 922 2883 fratres
939 2845 1037 2882 Gui-

101 2899 192 2946 sios
211 2899 463 2938 Franciscum
485 2899 621 2936 ducem
642 2901 680 2936 et
699 2899 881 2936 Carolum
905 2898 1039 2936 cardi-

102 2953 240 2991 nalem.
262 2953 303 2991 Isl
325 2964 440 3002 aegre
468 2953 643 2990 tulerunt
671 2951 861 3000 principes
884 2952 1036 2989 Borbo-

101 3005 189 3044 nici.
211 3007 335 3044 Guisii
374 3018 440 3055 pro
467 3006 616 3050 studio,
637 3016 710 3053 quo
739 3005 779 3041 in
808 3004 1035 3053 religionem

102 3059 329 3097 catholicam
351 3059 589 3104 ferebantur,
606 3057 824 3107 Hugonotis
845 3056 943 3108 (hoc
964 3056 1038 3094 fuit

103 3111 405 3151 Calvinistarum
443 3113 482 3150 in
523 3111 650 3149 Gallia
697 3121 836 3148 nomen
853 3110 868 3161 )
907 3121 1038 3148 sacros

146 3226 155 3249 ¹
170 3227 307 3267 Sander„
322 3227 367 3260 De
379 3226 552 3260 schismate
570 3226 663 3267 Anql.

1897 155 1970 197 169

1085 243 1300 275 conventus
1330 246 1465 274 severe
1494 234 1791 273 interdixerunt.
1822 234 1894 273 An.
1923 234 2022 273 1560

1085 290 1240 337 plurimi
1279 290 1423 327 nobiles
1461 288 1656 335 Hugonoti
1694 289 1789 326 duce
1826 288 2023 325 Ludovico

1085 342 1255 392 principe
1280 344 1470 386 Condan,
1491 342 1700 379 Ambaciae
1717 341 2022 379 coniurationem

1085 395 1255 433 inierunt
1276 397 1322 433 ad
1340 395 1648 433 transferendum
1669 406 1692 432 a
1707 395 1848 432 Guisiis
1869 394 1916 432 ad
1932 394 2023 431 Bor-

1085 449 1238 486 bonicos
1272 449 1445 498 regimen
1473 451 1512 486 et
1540 448 1740 485 tutandam
1772 448 1809 484 in
1842 447 2024 485 universo

1085 512 1207 549 regno
1236 513 1375 539 novam
1397 501 1636 550 religionem.
1658 501 1931 539 Coniuratione
1951 500 2020 538 de-

1083 557 1208 600 tecta,
1229 554 1344 592 multi
1365 554 1447 591 eius
1473 555 1676 603 participes
1705 554 1852 591 debitas
1880 564 2022 603 poenas

1084 606 1254 653 luerunt3
1275 611 1543 644 verumtamen
1561 608 1716 656 propter
1736 607 1849 645 nimis
1865 610 2021 644 auctum

1084 660 1365 697 haereticorum
1393 671 1597 697 numerum
1625 671 1770 708 poenae
1795 664 1930 698 contra
1957 670 2022 697 eos

1084 713 1132 750 ab
1151 714 1222 750 hoc
1242 718 1413 762 tempore
1435 713 1638 760 mitigatae
1658 712 1830 750 fuerunt.

1135 767 1345 806 Francisco
1361 766 1410 811 II,
1428 777 1488 804 an.
1510 766 1609 803 1560
1625 765 1816 812 defuncto,
1838 765 2023 804 successit

1083 821 1242 859 Carolus
1273 819 1343 866 IX,
1374 819 1456 856 eius
1485 819 1609 856 frater
1637 819 1884 864 minorennis‚
1910 818 2021 867 regni

1084 886 1174 912 vero
1192 874 1434 911 curationem
1458 872 1607 920 accepit
1626 872 1761 921 regina
1790 876 1926 917 mater,
1947 872 2023 909 Ca-

1083 928 1240 965 tharina
1268 926 1454 964 Medicea.
1485 926 1593 962 Haec
1636 925 1834 973 regiminis
1862 935 2020 962 conser-

1082 981 1280 1019 vationem
1305 980 1426 1028 ipsius
1457 978 1671 1026 Religionis
1692 978 1917 1026 protectioni
1947 989 2020 1014 an-

1081 1037 1283 1083 teponens,
1305 1032 1457 1081 utrique
1489 1031 1606 1080 parti,
1640 1031 1782 1068 Guisiis
1812 1035 1852 1068 et
1880 1031 2021 1068 Borbo-

1083 1087 1191 1134 nicis,
1216 1086 1425 1124 Catholicis
1441 1096 1486 1122 ac
1502 1084 1730 1133 Hugonotis,
1747 1095 1867 1132 aeque
1888 1083 2019 1121 favere

1084 1142 1219 1178 voluit.
1241 1140 1483 1177 Posteriores
1505 1137 1730 1187 patrocinio,
1747 1137 1846 1185 quod
1867 1136 1939 1174 sibi
1959 1138 2020 1173 ob-

1082 1195 1240 1243 tigerat,
1255 1193 1331 1230 iam
1349 1193 1445 1230 adeo
1465 1191 1761 1236 insolescebant,
1779 1192 1821 1227 ut
1840 1201 1912 1226 non
1930 1191 2020 1226 tan-

1082 1250 1163 1284 tum
1182 1238 1355 1295 publicos
1367 1248 1581 1282 conventus
1596 1255 1725 1281 sacros
1741 1245 1916 1292 agerent,
1932 1254 2018 1280 con-

1082 1300 1235 1338 sistoria
1255 1302 1293 1337 et
1317 1299 1484 1348 synodos
1510 1297 1783 1343 instituerent,
1805 1297 1868 1334 sed
1900 1295 2019 1333 etiam

1083 1353 1292 1391 Catholicis
1313 1352 1495 1390 ecclesias
1515 1351 1555 1387 vi
1583 1350 1797 1399 eriperent,
1830 1361 1959 1386 sacras
1979 1349 2020 1385 1-

1082 1407 1257 1456 magines
1277 1408 1315 1443 et
1334 1417 1469 1442 cruces
1489 1405 1752 1450 destruerent,
1770 1403 1930 1440 clericos
1949 1402 2019 1439 do-

1084 1460 1208 1497 mibus
1223 1490 1231 1505 ,
1253 1459 1404 1505 fundis,
1425 1458 1584 1506 aliisque
1620 1456 1727 1494 bonis
1762 1459 1802 1493 et
1830 1455 2020 1492 reditibus

1082 1513 1303 1561 privarent,
1323 1512 1577 1560 magistratus
1603 1509 1811 1547 catholicos
1840 1509 1879 1545 in
1905 1508 2018 1554 locis,

1082 1566 1147 1603 ubi
1175 1566 1474 1615 praevalebant,
1494 1565 1752 1612 deponerent,
1781 1573 1946 1610 suosque
1974 1561 2019 1598 iis

1082 1620 1373 1657 substituerent.
1396 1620 1509 1656 Anno
1534 1617 1629 1655 1561
1653 1616 1786 1665 regina
1801 1617 1939 1661 mater,
1955 1626 2019 1651 se-

1081 1673 1250 1710 cundum
1282 1674 1513 1709 novatorum
1544 1670 1715 1716 consilia,
1740 1669 1787 1706 ad
1809 1679 2019 1717 procuran-

1081 1727 1169 1764 dam
1190 1727 1229 1763 in
1259 1725 1473 1773 Religionis
1493 1724 1648 1772 negotio
1669 1722 1912 1760 concordiam
1942 1721 2019 1758 sol-

1080 1780 1208 1817 lemne
1248 1778 1481 1827 colloquium
1511 1789 1579 1814 seu
1609 1775 1909 1824 disputationem
1939 1774 2021 1822 epi-

1080 1845 1214 1882 scopos
1241 1834 1280 1869 et
1300 1832 1477 1869 doctores
1498 1832 1600 1867 inter
1622 1832 1661 1867 et
1681 1827 2019 1878 pseudoreforma-

1079 1887 1195 1924 tionis
1224 1885 1424 1923 ministros
1445 1883 1633 1922 Poissiaci
1662 1882 1816 1919 indixit.
1847 1880 2020 1930 Ministri

1079 1937 1286 1977 acatholici
1308 1938 1504 1987 petierunt
1526 1940 1566 1974 et
1586 1936 1861 1984 impetrarunt,
1884 1938 1928 1970 ut
1947 1945 2017 1971 rex

1079 2005 1166 2030 cum
1185 1992 1318 2041 regina
1338 1994 1463 2029 matre
1484 1994 1523 2028 et
1542 1989 1642 2038 regii·
1661 1988 1859 2037 sanguinis
1880 1987 2016 2036 princi-

1079 2047 1191 2095 pibus
1221 2045 1412 2094 colloquio
1440 2043 1699 2094 praesideret,
1730 2040 2016 2079 controversiae

1079 2112 1099 2137 e
1120 2101 1202 2137 sola
1221 2099 1424 2147 Scriptura
1444 2097 1730 2141 dirimerentur,
1752 2093 1921 2143 episcopi
1943 2105 2016 2130 non

1080 2155 1123 2191 ut
1151 2153 1319 2196 iudices,
1339 2153 1405 2189 sed
1436 2157 1478 2189 ut
1506 2150 1760 2187 collocutores
1781 2151 1819 2184 in
1836 2159 1881 2184 eo
1900 2147 2015 2184 sede-

1078 2210 1177 2244 rent.
1217 2206 1338 2243 Sacra
1375 2204 1561 2242 Facultas
1590 2201 1824 2240 Parisiensis
1871 2202 1911 2237 et
1950 2200 2016 2237 alii

1080 2260 1210 2308 plures
1231 2259 1416 2297 euismodi
1437 2256 1673 2305 colloquium
1694 2266 1808 2304 aegre
1828 2252 2014 2298 tulerunt,

1078 2313 1177 2361 quod
1197 2313 1236 2349 in
1257 2324 1302 2349 eo
1322 2311 1510 2349 ministris
1526 2321 1679 2347 errores
1695 2320 1784 2346 suos
1800 2306 2012 2344 defenden-

1079 2366 1116 2403 di
1135 2378 1289 2403 summa
1308 2366 1468 2403 daretur
1489 2364 1661 2408 libertas,
1685 2362 1785 2398 unde
1813 2361 1852 2397 in
1874 2360 2011 2396 multo-

1077 2431 1162 2456 rum
1183 2419 1322 2456 animis
1343 2418 1461 2455 dubia
1480 2418 1527 2455 de
1549 2414 1747 2453 catholicis
1767 2413 2011 2462 dogmatibus

1077 2473 1180 2510 nasci
1198 2474 1363 2521 possent.
1376 2470 1618 2519 Colloquium
1634 2467 1807 2505 habitum
1822 2466 1897 2503 fuit
1912 2477 2018 2502 men-

1078 2538 1118 2563 se
1156 2525 1364 2575 septembri
1400 2536 1468 2574 per
1497 2524 1630 2572 plures
1659 2521 1752 2558 dies.
1782 2518 2013 2565 Adfuerunt,

1077 2582 1234 2628 praeter
1253 2579 1402 2628 regiam
1421 2577 1610 2615 familiam
1622 2576 1661 2611 et
1677 2584 1866 2623 proceres,
1885 2572 1910 2609 6
1931 2583 2013 2609 car-

1077 2633 1245 2678 dinales,
1267 2633 1318 2670 40
1343 2631 1498 2669 circiter
1527 2628 1691 2678 episcopi
1718 2628 1756 2663 et
1776 2625 1905 2663 selecti
1936 2625 2009 2661 do-

1077 2690 1215 2731 ctores,
1239 2685 1286 2723 12
1306 2684 1470 2722 ministri
1491 2680 1696 2720 acatholici
1717 2690 1804 2716 cum
1825 2679 1876 2716 22
1896 2677 2013 2715 calvi-

1077 2739 1217 2776 nianae
1237 2738 1433 2787 religionis
1453 2734 1659 2785 deputatis.
1680 2733 1786 2770 Inter
1810 2730 2010 2779 theologos

1077 2793 1339 2841 disputatores
1361 2789 1553 2840 praecipui
1572 2787 1733 2824 suerunt
1752 2784 1933 2823 Claudius
1954 2785 2009 2821 E-

1077 2856 1298 2894 spencaeus,
1319 2845 1453 2881 doctor
1472 2840 1714 2884 Sorbonicus‚
1734 2850 1782 2876 ex
1803 2842 1910 2886 parte
1930 2837 2008 2874 Ca-

1076 2898 1322 2942 tholicorum,
1343 2900 1382 2934 et
1401 2895 1624 2933 Theodorus
1643 2893 1743 2929 Beza
1762 2904 1782 2929 e
1803 2893 1913 2939 parte
1933 2891 2009 2927 Hu-

1077 2950 1363 3001 gonotorum.1n
1375 2950 1447 2986 hoc
1459 2946 1647 2994 colloquio
1659 2945 1858 2983 Catholica
1866 2943 2010 2980 veritas

1077 3005 1231 3054 quidem
1247 3003 1401 3052 egregie
1417 3001 1491 3038 fuit
1506 2999 1721 3044 vindicata3
1737 2998 1804 3035 sed
1823 2996 2009 3034 haeretici

1077 3069 1227 3095 errores
1243 3068 1330 3094 suos
1350 3067 1424 3091 non
1444 3053 1682 3100 abiecerunt,
1697 3052 1774 3088 imo
1789 3062 1853 3088 eos
1874 3049 2011 3087 maiori

1077 3109 1240 3149 audacia
1259 3109 1562 3157 propugnarunt.

1129 3165 1242 3202 Anno
1265 3161 1364 3199 1562
1392 3160 1525 3209 regina
1544 3160 1672 3196 mater
1690 3158 1827 3203 edicto,
1857 3156 1957 3206 quod
1987 3167 2011 3193 a

1077 3228 1220 3263 mense,
1235 3214 1518 3264 quoconditum
1529 3215 1598 3260 est,
1611 3211 1837 3250 Ianuarium
1851 3221 2008 3248 nuncu-
