2241 3473
295 88 347 126 70

243 174 332 201 man
341 174 450 201 orum
470 161 576 199 natio
589 190 598 207 ,
618 171 860 198 commorans
880 159 927 197 ad
953 159 1189 197 Moldaviam

244 221 284 255 et
299 230 340 254 os
356 216 535 260 Danubii,
552 226 612 251 an.
637 214 738 251 1227
753 214 801 251 ad
818 213 1104 262 suscipiendam
1119 214 1190 251 Re-

241 270 424 319 ligionem
446 267 898 306 christianani.adducta
927 269 997 313 est,
1026 278 1190 315 quorum

240 322 534 360 conversionem
549 319 716 369 perfecit
744 319 1054 369 archiepiscopus
1084 320 1190 357 Stri-

239 377 454 425 goniensis,
485 375 532 412 ab
562 374 787 423 Apostolica
815 375 915 412 Sede
941 374 990 412 ad
1010 385 1095 411 eam
1116 386 1188 411 na-

236 431 383 467 tionem
401 429 553 478 legatus
576 427 600 466 ¹.

290 483 353 521 30.
374 483 604 531 Relzjqz'om's
622 487 758 520 status
772 483 816 520 in
837 483 989 520 Russia
1010 486 1050 519 et
1066 482 1190 529 reqio-

237 538 360 575 m'bus
379 537 768 585 septentrionalibus
783 555 831 564 -
849 537 892 573 In
921 535 1066 573 Russia
1086 534 1188 572 chri—

236 591 404 628 stianam
424 589 541 627 fidem
571 589 728 627 saeculo
749 590 806 627 IX
827 593 867 628 et
894 590 1081 639 sequente
1102 600 1188 637 pro-

238 647 421 693 pagat-am
450 646 489 680 et
517 643 728 681 stabilitam
750 644 1023 693 conspeximus
1043 641 1069 679 ².
1091 642 1187 679 Cum

236 702 370 735 autem
391 697 578 734 ecclesiae
597 696 636 734 in
665 698 781 735 terris
802 697 974 735 Russicis
993 697 1032 734 in
1053 696 1187 733 ordine

237 751 480 789 hierarchico
498 750 694 788 subiectae
712 754 840 790 essent
856 751 1104 801 patriarchae
1120 749 1185 799 Cp.

236 807 352 854 atque
381 805 420 842 in
451 804 684 854 peragendis
711 805 831 843 sacris
871 806 1078 843 uterentur
1107 803 1185 840 ritu

235 859 399 905 Graeco,
420 858 638 896 schismatis
658 859 810 905 Graeci,
832 858 987 897 saeculo
1003 858 1062 895 XI
1080 870 1102 895 a
1118 857 1188 894 Mi-

235 913 369 950 chae'le
391 912 591 950 Gerulario
607 913 837 958 instaurati,
854 913 1029 962 germina
1043 912 1080 949 in
1098 911 1185 949 illas

231 966 440 1015 aliquando
466 967 730 1015 irrepserunt3
761 969 1032 1004 verumtamen
1050 977 1184 1002 earum

233 1020 336 1066 unio,
356 1021 495 1058 saltem
517 1022 694 1066 externa,
716 1032 801 1058 cum
825 1021 1003 1058 Romana
1022 1019 1186 1071 ecclesia

231 1075 458 1122 perduravit
479 1086 602 1122 usque
623 1075 671 1111 ad
692 1074 890 1112 saeculum
911 1074 999 1112 XV.
1017 1073 1185 1111 Michael

230 1128 247 1165 Ι
271 1128 415 1176 aliique
436 1131 522 1177 post
547 1140 637 1165 eum
659 1128 931 1177 metropolitae
951 1127 1184 1165 Kiovienses

230 1181 461 1232 (988-1106)
492 1182 581 1219 licet
609 1194 740 1219 omnes
780 1182 937 1219 natione
978 1181 1132 1227 Graeci,
1161 1192 1183 1217 a

229 1236 442 1274 schismate
479 1235 669 1273 Gerularii
706 1236 866 1273 fuerunt
901 1236 1093 1272 immunes
1106 1265 1114 1281 ,
1145 1238 1184 1272 et

230 1302 319 1327 cum
331 1290 510 1327 Romana
525 1289 689 1327 ecclesia
705 1290 866 1338 eiusque
883 1289 1072 1327 Pontifice
1084 1301 1183 1326 com-

231 1344 492 1381 municarunt.
514 1343 786 1392 Nicephorusl
807 1344 993 1389 Graecus,
1013 1344 1061 1380 ab
1082 1355 1182 1380 anno

234 1397 333 1435 1100
362 1409 483 1446 usque
513 1398 560 1434 ad
585 1396 686 1434 1120
715 1397 966 1446 metropolita
986 1397 1181 1434 Kiovien-

228 1451 300 1498 sis,
319 1452 489 1489 schisma
517 1451 555 1488 in
578 1450 753 1489 Ecclesia
773 1451 939 1489 Russica
963 1450 1180 1488 dissemina-

227 1517 270 1542 re
308 1517 473 1554 eamque
500 1505 549 1542 ab
588 1504 764 1542 Ecclesia
794 1506 970 1542 Romana
998 1515 1181 1553 separare

229 1559 409 1607 tentavit,
430 1559 497 1597 sed
517 1570 641 1607 neque
661 1559 700 1595 in
717 1559 820 1596 clero
837 1570 961 1607 neque
980 1558 1018 1595 in
1041 1557 1181 1607 populo

225 1615 439 1651 sectatores
459 1614 598 1650 nactus
618 1614 688 1651 est.

280 1667 368 1705 RR.
391 1665 602 1705 Pontifices
621 1669 706 1704 tum
726 1666 867 1704 litteris
883 1668 965 1704 tum
981 1665 1182 1716 legationi·

227 1721 300 1758 bus
316 1721 374 1759 usi
395 1724 500 1768 sunt,
521 1722 564 1757 ut
580 1721 729 1759 Russos
745 1732 813 1758 seu
829 1720 1033 1758 Ruthenos
1049 1732 1071 1757 a
1086 1719 1182 1757 schi-

227 1776 352 1812 smate
373 1777 672 1823 praeservarent
699 1777 739 1812 et
757 1775 796 1811 in
826 1774 1019 1812 catholica
1040 1773 1182 1811 unione

227 1831 517 1867 conservarent.
534 1828 672 1867 Plures
682 1828 874 1878 principes
885 1830 925 1866 et
936 1829 956 1865 d
964 1840 1053 1866 uces
1064 1828 1182 1866 Russi

228 1882 381 1921 unionis
400 1895 494 1920 suae
514 1893 603 1920 cum
622 1883 802 1920 Romana
827 1881 992 1920 ecclesia
1011 1881 1180 1920 testimo-

227 1936 294 1973 nia
313 1937 533 1974 ediderunt.

284 1990 443 2028 Interim
464 1990 622 2028 saeculo
638 1990 715 2028 XII
729 1992 768 2028 et
783 1991 969 2040 sequente
985 1989 1184 2028 missiona-

227 2043 273 2081 rii
296 2044 439 2090 Latini,
460 2045 690 2093 praesertim
708 2056 757 2082 ex
773 2044 982 2082 Ordinibus
1001 2056 1029 2082 S.
1052 2044 1182 2081 Domi-

227 2097 303 2134 nici
323 2100 363 2135 et
381 2110 410 2135 s.
432 2097 643 2144 Francisci,
663 2098 701 2135 in
718 2098 902 2136 Russiam
920 2100 1126 2144 venerunt,
1143 2100 1184 2135 et

229 2163 252 2188 a
271 2151 509 2201 principibus
529 2151 756 2201 populisque
776 2153 874 2189 bene
895 2151 1062 2200 excepti,
1083 2151 1182 2189 chri-

226 2205 391 2243 stianam
415 2204 644 2254 religionem
670 2206 883 2254 plurimum
904 2207 1180 2255 propagarunt.

226 2259 286 2296 Ab
307 2259 379 2296 hoc
397 2261 572 2308 tempore
592 2259 641 2295 ibi
658 2259 774 2296 etiam
794 2260 982 2297 formatae
1002 2261 1093 2296 sunt
1113 2271 1180 2296 ec-

226 2312 367 2350 clesiae
386 2313 600 2350 secundum
631 2312 749 2350 ritum
771 2313 969 2359 Latinum,
992 2325 1091 2362 quae
1110 2324 1180 2362 po-

227 2368 313 2404 stea
333 2366 389 2404 ita
408 2370 548 2405 auctae
577 2369 688 2412 sunt,
710 2369 752 2404 ut
780 2367 977 2416 episcopos
1007 2366 1181 2417 proprios

226 2419 459 2469 acceperint.

278 2474 390 2512 Circa
406 2474 608 2512 dimidium
626 2473 769 2511 saeculi
790 2473 885 2511 XIV
902 2474 1014 2511 sedes
1032 2475 1178 2511 metro—

226 2527 382 2576 politica
420 2527 566 2565 Kiovia
593 2528 787 2565 translata
816 2526 890 2564 fuit
927 2527 1180 2573 Moscoviam3

224 2592 321 2629 quac
332 2581 538 2619 translatio
554 2581 753 2619 schismati
775 2580 883 2618 favit.
900 2580 1112 2630 &Cypriam
1121 2592 1178 2626 us,

225 2635 274 2672 ab
295 2647 357 2672 an.
380 2635 479 2672 1380
495 2647 617 2684 usque
635 2635 681 2672 ad
702 2634 802 2672 1406
821 2634 1066 2682 metropolita
1082 2635 1181 2672 Rus-

224 2689 303 2726 siae
316 2719 325 2735 ,
347 2700 440 2737 erga
453 2689 672 2726 Romanam
700 2688 900 2726 ecclesiam
919 2688 1178 2735 obsequentis—

224 2742 356 2788 simus,
369 2743 540 2780 sedulam
558 2754 716 2792 operam
734 2741 864 2779 unioni
879 2741 1051 2778 navavit.
1069 2742 1178 2778 Tunc

225 2795 391 2845 episcopi
412 2796 583 2833 Rutheni
606 2796 641 2833 in
662 2795 870 2833 Lithuania
887 2807 970 2833 sese
986 2807 1072 2832 cum
1094 2795 1177 2832 Ro-

224 2861 339 2887 mana
358 2850 523 2887 ecclesia
545 2850 758 2887 univcrunt
774 2848 800 2887 ³.
968 2897 973 2901 ῃ

278 2904 318 2940 Ιη
351 2903 540 2951 Livonia‚
576 2904 736 2941 Estonia
767 2905 807 2940 ct
835 2902 1019 2940 Borussia
1039 2902 1175 2952 religio

269 3019 274 3039 ¹
297 3020 450 3059 ltaynalsl.
468 3021 506 3050 :ul
524 3030 574 3051 an.
596 3019 670 3050 1:¹27
689 3022 717 3051 ct
742 3019 824 3050 1229.

264 3061 276 3081 ‘²
294 3062 358 3092 vicl.
377 3072 404 3101 p.
419 3061 489 3092 267.

265 3103 279 3125 3
296 3104 444 3143 Ray-nam.
468 3103 586 3135 Aunal.
612 3104 703 3142 eccl.;
731 3103 881 3141 Thciner,
914 3102 1114 3135 vicissitude«
1137 3103 1174 3133 «Ie

225 3144 355 3183 l'la‘ylise
371 3146 454 3176 cath.
472 3145 525 3175 cles
552 3146 638 3177 ‹11›qu
657 3148 735 3178 risos
763 3154 802 3176 en
817 3146 958 3188 I’olvyne
980 3148 1010 3177 el
1032 3154 1071 3177 en
1097 3145 1175 3178 ltus·

223 3187 277 3225 sie,
297 3188 382 3218 Paris
404 3186 489 3226 1813,
507 3189 525 3218 :3
543 3189 600 3220 vol.
619 3187 648 3219 in
666 3189 709 3220 8⁰.

715 96 869 124 EPOCHA
897 97 983 123 VIII.
1012 96 1040 122 A
1068 96 1330 124 PONTIFICATV
1357 97 1587 125 INNOCENTII
1614 98 1660 125 111

1234 159 1446 199 christiana
1479 161 1606 210 magis
1645 161 1847 211 magisque
1874 162 2177 212 propagabatur.

1233 214 1460 252 Alexander
1487 215 1557 264 Pp.
1592 214 1648 251 IV
1677 216 1725 253 ad
1746 216 2018 254 stabiliendam
2037 215 2077 253 in
2095 216 2179 254 istis

1233 267 1444 316 provinciis
1477 268 1731 305 ecclesiastici
1764 269 1963 318 regiminis
2000 269 2178 317 formam,

1233 333 1333 358 anno
1366 322 1466 360 1255
1494 321 1819 370 metropoliticam
1839 324 2069 373 dignitatem
2088 335 2177 361 cum

1233 376 1423 422 potestate
1456 375 1682 413 instituendi
1712 375 1909 426 episcopos
1928 376 2179 415 confirmavit

1232 429 1521 477 archiepiscopo
1555 429 1720 478 Rigensi
1743 428 1767 467 ¹.
1790 430 1833 467 In
1859 431 1998 475 Dania,
2018 430 2178 468 Norwe·

1231 481 1308 530 gia,
1322 483 1462 520 Suecia
1482 482 1644 530 aliisque
1658 482 1940 532 Septentrionis
1955 483 2176 533 regionibus

1232 535 1325 573 fides
1345 537 1538 574 catholica
1556 539 1790 574 conservata
1811 536 1899 584 fuit3
1919 538 1986 575 sed
2001 537 2176 586 frequen-

1231 589 1328 626 tium
1361 590 1554 628 bellorum
1581 590 1753 628 tumultu
1774 590 2025 628 ecclesiarum
2050 593 2175 629 status

1229 653 1344 692 saepe
1375 644 1630 693 perturbatus
1663 646 1732 681 est.
1764 644 2010 682 Innocentius
2028 645 2100 694 Pp.
2124 644 2175 682 [V

1230 708 1290 734 an.
1307 697 1407 736 1250
1427 698 1476 735 ab
1497 697 1786 747 archiepiscopo
1798 697 2003 747 Upsalensi
2017 697 2176 747 eiusque

1230 751 1490 801 suffraganeis
1524 751 1797 800 interpellatus
1826 753 1965 789 contra
1992 751 2175 796 abusum,

1230 817 1304 853 quo
1339 806 1379 842 in
1413 805 1555 843 Suecia
1576 805 1742 856 episcopi
1762 817 1785 842 a
1805 805 1886 843 sola
1905 804 2097 843 saeculari
2115 817 2178 854 po-

1230 860 1374 897 testate
1409 859 1670 908 eligebantur,
1689 859 1904 906 mandavit,
1925 861 1968 896 ut
1985 858 2177 908 episcopo-

1230 924 1316 950 rum
1340 914 1549 950 electiones
1569 914 1698 950 essent
1712 914 1812 962 apud
1828 912 2098 951 canonicorum
2108 913 2178 951 Ca-

1229 967 1365 1015 pitula,
1386 967 1500 1005 electi
1517 978 1611 1004 vero
1632 978 1757 1015 neque
1776 967 1860 1016 regi
1880 978 2005 1016 neque
2024 965 2174 1004 aliiho-

1228 1020 1387 1058 minium
1404 1022 1663 1071 praestarent,
1676 1032 1795 1069 quum
1815 1021 1921 1058 nulla
1940 1019 2088 1069 regalia
2107 1021 2177 1058 aut

1230 1074 1344 1111 feuda
1365 1076 1557 1113 haberent
1571 1073 1602 1112 2.
1623 1074 1718 1111 Cum
1739 1074 1856 1112 etiam
1873 1074 1911 1111 in
1922 1073 2047 1112 Dania
2061 1073 2176 1111 liber-

1228 1130 1288 1166 tas
1309 1131 1425 1178 atque
1459 1129 1629 1177 dignitas
1648 1128 1912 1166 ecclesiastica
1930 1127 1969 1165 iu
1990 1138 2176 1177 magnum

1227 1182 1436 1220 discrimen
1454 1185 1582 1220 essent
1597 1183 1669 1219 add
1677 1184 1801 1229 uotae,
1811 1182 1974 1231 episcopi
1987 1181 2087 1219 Dani
2103 1193 2175 1219 an·-

1228 1248 1276 1273 no
1300 1237 1400 1274 1257
1421 1237 1611 1285 synodum
1633 1239 1854 1284 coegerunt,
1874 1236 1913 1273 in
1933 1247 2011 1284 qua
2026 1235 2075 1273 ad
2089 1234 2176 1273 illas

1227 1292 1390 1327 tuendas
1411 1290 1709 1340 promulgarunt
1729 1292 1897 1338 quatuor
1916 1289 2075 1326 decreta
2095 1286 2122 1327 ³.

1278 1345 1341 1382 31.
1363 1345 1569 1382 Ecclesiae
1588 1347 1722 1381 status
1743 1345 1787 1381 in
1807 1343 1950 1380 Gallia
1967 1348 2009 1381 et
2020 1343 2176 1391 Hispa-

1227 1399 1299 1436 nia
1315 1420 1362 1426 —
1386 1399 1429 1435 In
1451 1397 1578 1435 Gallia
1610 1398 1681 1435 sub
1711 1409 1737 1434 s.
1761 1397 1961 1434 Ludovico
1990 1407 2084 1446 rege
2104 1396 2175 1443 IX,

1225 1451 1289 1500 qui
1310 1452 1407 1489 nihil
1427 1451 1552 1501 magis
1571 1451 1678 1488 cordi
1699 1451 1880 1497 habebat,
1901 1461 2015 1499 quam
2037 1451 2082 1488 ut
2093 1451 2175 1487 Re-

1226 1505 1318 1554 ligio
1339 1508 1379 1543 et
1397 1505 1549 1543 sincera
1563 1505 1687 1554 pietas
1704 1504 1743 1541 in
1759 1515 1880 1553 regno
1894 1515 1966 1541 suo
1981 1503 2176 1550 florerent,

1226 1570 1289 1596 res
1319 1559 1607 1597 ecclesiasticae
1639 1560 1680 1596 et
1705 1557 1840 1595 civiles
1860 1568 2044 1606 prospero
2064 1559 2176 1594 erant

1225 1612 1264 1649 in
1298 1616 1414 1651 statu.
1436 1614 1524 1650 Rex
1544 1613 1591 1650 ad
1612 1612 1908 1649 instaurandam
1928 1610 2175 1660 disciplinam

1225 1666 1530 1704 ecclesiasticam
1551 1668 1591 1704 et
1605 1666 1856 1715 corrigendos
1872 1665 2015 1703 abusus
2030 1676 2174 1714 cogen-

1224 1720 1282 1758 dis
1299 1721 1456 1769 synodis
1477 1720 1667 1758 auxilium
1684 1719 1889 1769 praestitit.
1907 1720 2029 1757 Extat
2044 1721 2175 1756 autem

1225 1774 1263 1811 in
1285 1775 1549 1812 Bz'blz'otlzeez's
1570 1775 1734 1812 Patrum
1755 1775 1796 1811 et
1823 1773 1862 1810 in
1883 1772 2175 1810 collectionibus

1225 1828 1485 1866 Conciliorum
1505 1829 1578 1866 sub
1599 1828 1702 1877 regis
1722 1827 1836 1865 huius
1851 1826 2006 1865 nomine
2025 1825 2174 1864 sanctio

1225 1882 1480 1932 pragmatica,
1501 1882 1540 1920 in
1575 1894 1654 1931 qua
1681 1881 1888 1920 mandatur
1911 1881 1964 1929 1⁰,
1986 1882 2031 1918 ut
2050 1880 2174 1918 eccle-

1223 1935 1370 1973 siarum
1398 1936 1594 1986 praelatis,
1617 1934 1789 1985 patronis
1824 1937 1864 1973 et
1895 1933 2173 1973 beneficiorum

1224 1990 1481 2028 collatoribus
1501 2002 1572 2028 sua
1590 1990 1678 2027 iura
1697 1989 1856 2039 integra
1875 1990 2095 2035 serventur3
2115 1986 2172 2033 2⁰,

1225 2047 1268 2082 ut
1301 2043 1508 2081 electiones
1541 2043 1794 2081 eeclesiarum
1821 2041 2103 2080 cathedralium
2133 2044 2173 2078 et

1224 2097 1391 2136 aliarum
1412 2098 1450 2134 in
1471 2098 1552 2135 tot-o
1573 2108 1692 2146 regno
1718 2097 1798 2134 sint
1817 2096 1962 2133 liberae
1983 2105 2173 2143 suumque

1224 2151 1405 2189 effectum
1438 2151 1635 2200 integrum
1664 2150 1848 2196 habeant3
1868 2149 1923 2196 3⁰,
1944 2150 1988 2187 ut
2006 2147 2171 2198 pestife-

1224 2216 1309 2242 rum
1343 2204 1530 2242 simoniae
1564 2204 1710 2241 crimen
1741 2215 1764 2241 a
1782 2215 1903 2253 regno
1924 2203 2079 2252 penitus
2098 2201 2172 2239 eli-

1224 2260 1404 2305 minetur3
1417 2256 1471 2304 4⁰,
1484 2260 1527 2295 ut
1537 2257 1811 2307 promotiones,
1829 2257 2070 2303 collationes,
2086 2266 2172 2306 pro-

1225 2312 1389 2349 visiones
1409 2314 1448 2349 et
1463 2311 1733 2360 dispositiones
1748 2311 1984 2360 dignitatum
2002 2315 2043 2348 et
2063 2310 2174 2348 bene·

1222 2365 1399 2403 ficiorum
1442 2365 1795 2403 ecclesiasticorum
1828 2363 1927 2402 fiant
1958 2363 2171 2402 secundum

1222 2419 1514 2468 dispositionem
1554 2419 1649 2457 iuris
1692 2418 1908 2457 communis
1927 2447 1937 2465 ‚
1969 2428 2171 2456 sacrorum

1222 2472 1481 2511 Conciliorum
1513 2476 1553 2510 et
1582 2473 1747 2511 Patrum
1767 2472 2027 2521 antiquorum;
2049 2469 2108 2519 5⁰,
2129 2472 2174 2508 ut

1221 2527 1433 2573 libertates,
1468 2527 1554 2564 iura
1575 2530 1615 2565 et
1634 2527 1856 2577 privilegia,
1876 2525 2063 2572 ecclesiis,
2085 2536 2169 2562 mo-

1220 2581 1408 2626 nasteriis,
1438 2581 1531 2619 locis
1553 2581 1624 2630 piis
1646 2584 1685 2619 et
1705 2580 1878 2630 personis
1898 2577 2170 2618 ecclesiasticis

1219 2646 1242 2672 a
1271 2634 1427 2683 regibus
1460 2635 1611 2672 Galliae
1646 2646 1841 2680 concessa,
1877 2636 1964 2672 rata
1995 2635 2036 2670 et
2054 2631 2170 2669 firma

1221 2691 1412 2726 maneant.
1425 2689 1589 2733 Praeter
1607 2689 1702 2727 haec
1718 2688 1742 2727 5
1758 2687 1942 2738 capitula,
1958 2697 2056 2735 quae
2076 2696 2169 2723 san-

1220 2741 1296 2779 ctio
1321 2742 1520 2790 praedicta
1541 2742 1728 2789 continet,
1748 2743 1863 2791 prout
1881 2742 2013 2779 exstat
2032 2739 2069 2777 in
2092 2739 2170 2776 Bi-

1219 2796 1424 2833 ble'otlceez's
1447 2797 1624 2843 Patrum‚
1658 2796 1695 2833 in
1726 2796 1811 2834 aliis
1830 2795 1916 2832 eius
1934 2793 2170 2832 editionibus

1219 2850 1384 2887 habetur
1417 2850 1626 2899 capitulum
1647 2850 1684 2896 6,
1722 2850 1892 2900 positum
1921 2847 2054 2896 quinto
2074 2847 2169 2893 loco,

1216 2903 1317 2952 quod
1347 2903 1402 2941 sic
1430 2907 1559 2942 sonat:
1582 2916 1604 2941 «
1625 2904 1722 2941 Item
1743 2901 1968 2941 exactiones
1987 2903 2026 2938 et
2045 2911 2166 2938 onera

1218 2957 1449 3005 gravissima
1469 2957 1736 3007 pecuniarum,
1758 2967 1825 3006 per
1844 2955 1995 2993 curiam
2018 2954 2168 2992 Roma-

1219 3022 1307 3047 nam
1330 3010 1515 3049 ecclcsiae
1536 3011 1646 3061 regni
1668 3010 1790 3049 nostri
1812 3008 2007 3059 imposita,
2023 3007 2166 3058 quibus

1261 3104 1268 3125 1
1289 3103 1386 3145 Epist.
1405 3102 1476 3141 312,
1491 3104 1508 3134 1.
1529 3104 1551 3135 ι.

1256 3147 1269 3167 '²
1287 3145 1433 3185 l'mynald.
1452 3146 1490 3176 :ul
1507 3155 1555 3176 an.
1576 3144 1663 3177 ‘125st

1257 3189 1271 3212 ³³
1288 3188 1398 3227 taline,
1417 3186 1539 3220 concil.
1555 3190 1573 3218 t.
1592 3187 1642 3226 Xl,
1659 3197 1688 3228 p.
1708 3184 1776 3218 77-2.
