2241 3473
405 120 530 151 VSQVE
558 121 611 148 AD
640 119 842 148 PVBLIGAM
870 118 1015 147 RERVM
1043 118 1085 146 IN
1112 118 1269 146 GALLIIS
1297 117 1601 146 SVBVERSIONEM

1867 103 1945 142 233

74 187 187 226 ticas.
200 185 398 233 Ludovici3
417 187 482 224 sed
499 186 639 224 eruditi
657 187 757 224 hanc
771 185 1011 224 sanctionem
1056 184 1242 223 ecclesiae
1263 184 1489 223 Gallicanae
1510 182 1640 221 essent
1660 179 1928 230 appellandae.
1950 177 1998 215 Il-

73 243 230 279 censent
240 251 322 277 esse
332 240 616 288 supposititiam
636 238 740 278 ¹.Alii
758 252 822 278 eas
835 240 1012 277 firmatas
1056 238 1115 276 lac
1128 239 1402 288 quippe,prout
1417 249 1440 275 a
1454 236 1617 274 Pithaeo
1630 232 1808 285 (Pithon)
1824 244 1885 270 an.
1900 231 2002 270 1594

74 294 258 332 dixerunt
277 304 346 342 per
366 294 606 331 sanctionem
630 294 908 343 pragmaticam
922 323 931 339 ,
951 305 1011 330 an.

74 346 175 386 1438
195 358 217 384 a
237 346 377 384 Carolo
399 347 508 384 Vile
529 347 695 384 decretis
728 346 1013 384 Basileensibus

72 399 286 438 confectam
307 395 340 446 ²3
367 402 409 444 at
429 400 523 437 haec
554 401 700 438 sanctio
730 411 791 437 an.
818 400 916 437 1516
947 410 1014 448 per

71 453 348 491 concordatum
371 453 472 491 inter
495 453 664 491 Leonem
687 453 756 502 Pp.
778 453 816 491 X
836 455 875 490 et
897 453 1015 490 Fran-

72 506 218 544 ciscum
239 518 370 556 regem
393 507 408 544 Ι
429 507 574 544 abolita
593 510 666 552 est,
700 518 722 543 «
742 510 780 544 et
800 506 1013 555 praesules,

73 560 128 597 ait
144 559 374 609 Spondanus
389 559 487 609 (ipse
503 559 669 608 Gallus),
688 559 760 596 hac
775 559 1017 608 pragmatica

73 612 113 651 in
129 613 352 651 libertatem
373 625 413 651 se
428 624 602 651 asserere
621 613 868 658 arbitrantes,
888 612 925 649 in
943 623 1016 649 ser-

74 666 238 704 vitutem
249 666 506 704 saecularium
520 666 694 704 iudicum
707 665 853 703 redacti
864 663 1016 703 sunt3».

73 719 150 758 Alii
164 720 234 758 has
246 720 445 757 libertates
465 721 474 756 i
482 720 537 768 psi
549 718 748 757 Ecclesiae
760 730 925 756 coaevas
937 730 1018 756 esse

74 773 221 811 volunt.
235 773 420 812 Claudius
440 772 585 822 Fleury
597 772 751 810 easdem
768 773 827 810 his
846 773 871 809 2
884 772 1020 820 princi-

76 826 151 876 piis
169 826 445 876 superstruxit:
460 826 513 872 10,
531 826 630 876 quod
643 828 815 876 potestas
835 838 857 864 a
869 825 1022 863 Christo

75 879 273 918 Ecclesiae
293 891 489 926 concessa,
509 881 561 917 sit
576 891 680 917 mere
702 879 929 929 spiritualis,
948 891 1018 916 nec

75 933 154 971 ullo
174 934 286 970 modo
320 933 467 971 directo
489 937 557 971 aut
576 933 780 979 indirecto,
802 934 848 970 ad
870 944 930 970 res
951 932 1018 969 hu-

72 987 133 1025 ius
166 985 313 1025 saeculi
350 987 542 1024 trahenda
561 1000 570 1033 ς
600 986 656 1032 2⁰,
681 987 783 1035 quod
818 986 1017 1035 plenitudo

75 1040 298 1090 potestatis,
328 1052 427 1089 quae
457 1043 517 1078 est
545 1051 662 1090 penes
692 1041 740 1078 R.
770 1039 1017 1085 Pontificem,

74 1097 261 1142 tanquam
292 1093 493 1132 Ecclesiae
522 1096 663 1142 caput,
694 1105 744 1131 ex
773 1093 1016 1142 praescripto

75 1159 280 1192 canonum,
297 1147 345 1185 ab
363 1148 544 1185 universa
561 1147 738 1185 Ecclesia
759 1151 1020 1196 receptorum,

73 1201 125 1238 sit
143 1201 371 1246 exercenda,
386 1200 546 1250 ipseque
570 1200 752 1238 Pontifex
770 1201 913 1238 iudicio
934 1213 1021 1237 con-

75 1254 155 1292 cilii
178 1254 372 1304 generalis
388 1255 603 1291 secundum
624 1254 938 1293 Constantiensia
960 1255 1020 1291 de-

77 1309 184 1346 creta
216 1308 267 1346 sit
285 1307 495 1346 subiectus.
526 1308 586 1345 Ex
616 1308 676 1345 his
705 1307 904 1357 principiis
925 1309 1020 1355 quot

76 1361 342 1399 conclusiones
361 1361 562 1407 elicueris,
583 1360 728 1410 inquit,
750 1363 808 1399 tot
827 1361 1019 1399 libertatis

77 1417 234 1453 nostrae
250 1419 501 1452 monumenta
517 1415 676 1452 habebis
693 1413 719 1452 ⁴.
733 1415 838 1452 Idem
855 1415 1020 1464 scriptor

75 1480 96 1506 e
108 1468 313 1518 praedictis
324 1468 523 1517 principiis
534 1469 638 1507 inter
649 1468 745 1506 alias
761 1468 918 1506 deducit
935 1480 1017 1505 con-

76 1521 266 1560 clusiones
282 1533 351 1560 seu
366 1521 584 1567 libertates,
596 1533 694 1570 quae
705 1524 933 1571 sequuntur:
945 1522 1018 1559 Re-

77 1587 165 1625 gem
185 1576 241 1614 ita
260 1575 402 1612 habere
423 1578 659 1624 potestatem
680 1587 792 1613 suam
811 1587 834 1612 a
855 1576 934 1612 Deo
948 1604 958 1622 ,
979 1578 1021 1612 ut

76 1628 172 1666 nulli
194 1629 259 1666 alii
275 1629 390 1666 iudici
411 1629 463 1666 sit
482 1628 685 1675 obnoxius,
707 1632 746 1666 et
765 1641 877 1666 nemo
897 1629 944 1666 de
964 1640 1021 1666 re-

76 1682 142 1732 gni
172 1682 509 1720 administratione
538 1682 625 1720 iure
655 1682 854 1731 postulare
890 1682 1020 1731 possit,

78 1739 120 1773 ut
134 1736 325 1774 rationem
340 1736 491 1783 reddat3
508 1735 740 1773 Pontificem
762 1749 835 1773 non
854 1747 963 1785 posse
980 1736 1019 1772 in

77 1789 248 1828 Galliam
276 1789 459 1838 ablegare
488 1790 686 1835 nuncium,
717 1790 789 1827 nisi
817 1792 977 1838 rogatus
998 1800 1021 1826 a

75 1854 166 1892 rege
186 1843 248 1880 vel
267 1854 317 1880 ex
337 1843 419 1880 eius
439 1855 640 1890 consensu,
664 1854 787 1891 neque
809 1844 1023 1891 eleemosy-

78 1908 148 1934 nas
167 1908 191 1934 a
210 1896 351 1946 populo
381 1898 450 1935 aut
478 1908 635 1934 censum
666 1909 689 1934 a
717 1897 818 1934 clero
848 1896 1020 1945 exigere,

79 1950 153 1988 nisi
175 1950 426 2000 permittente
455 1962 548 1999 rege
579 1954 618 1988 et
639 1950 876 1988 assentiente
904 1950 1020 1995 clero,

79 2003 254 2054 nullique
274 2007 461 2042 extraneo
481 2015 624 2041 munus
645 2004 802 2052 aliquod
831 2003 1021 2041 ecclesia-

76 2058 216 2095 sticum
246 2059 316 2095 aut
335 2057 566 2095 beneficium
596 2057 635 2094 in
664 2057 793 2095 Gallia
822 2057 1020 2103 conferre;

78 2110 280 2149 Pontificis
311 2113 544 2160 potestatem
574 2123 658 2149 esse
686 2111 1019 2160 circumscriptam

80 2164 333 2202 conciliorum
351 2165 562 2202 canonibus
590 2165 630 2201 in
648 2164 777 2202 Gallia
795 2165 1021 2213 acceptatis3

79 2217 207 2256 bullas
236 2218 454 2267 pontificias
475 2231 551 2256 non
573 2230 656 2256 esse
677 2218 933 2267 publicandas
953 2220 1022 2255 aut

80 2271 301 2309 executioni
315 2272 569 2317 mandandas,
580 2272 652 2309 nisi
668 2273 714 2309 de
726 2272 827 2321 regis
839 2272 1021 2309 mandato

82 2326 122 2362 et
141 2327 298 2362 senatus
332 2325 623 2374 approbatione3
644 2337 768 2374 neque
790 2325 1020 2363 Pontificem

81 2389 206 2427 neque
226 2378 311 2416 eius
330 2378 500 2427 legatum
521 2391 658 2416 causas
677 2378 963 2417 ecclesiasticas
982 2378 1021 2415 in

80 2431 203 2481 primo
219 2431 498 2470 iurisdictionis
513 2433 637 2481 gradu
654 2433 826 2470 iudicare
846 2444 968 2481 posse,
984 2434 1023 2469 et

82 2484 114 2522 si
135 2485 184 2522 ad
197 2497 284 2522 eum
301 2484 419 2523 fuerit
435 2489 704 2534 provocatum,
724 2487 865 2524 debere
886 2485 1022 2522 consti-

80 2540 193 2576 tuere
212 2538 360 2576 iudices
379 2538 597 2588 indigenas3
619 2540 766 2577 nullum
789 2539 1023 2588 episcopum,

80 2591 200 2629 etiam
216 2604 239 2630 a
254 2591 443 2629 Pontifice
458 2598 676 2640 evocatum,
690 2593 772 2631 sine
789 2592 893 2641 regis
910 2592 1024 2629 venia

80 2656 203 2695 regno
220 2645 328 2683 exire
344 2657 467 2694 posse;
485 2645 634 2683 clerum
650 2658 726 2684 non
746 2657 854 2694 posse
870 2646 952 2683 sine
968 2657 1025 2682 re-

81 2698 142 2748 gis
157 2711 346 2737 consensu
365 2702 580 2737 conventus
596 2711 711 2749 agere
726 2698 753 2737 ⁵.
766 2699 912 2736 Verum
930 2709 1024 2747 opus

81 2751 198 2790 huius
217 2752 419 2801 scriptoris
446 2752 602 2790 decreto
631 2753 743 2791 Sedis
763 2751 1023 2801 Apostolicae‚

82 2805 172 2844 dato
181 2808 242 2843 xl⁰
250 2806 431 2843 calendas
440 2805 560 2843 maias
571 2806 829 2854 1693,proscri
837 2809 943 2854 ptum
953 2808 1022 2843 est.

135 2858 290 2897 Dudum
299 2860 464 2897 antehac
473 2859 650 2896 nonnulli
662 2858 927 2897 iurisconsulti
937 2859 1024 2896 Gal·

81 2911 110 2950 li
121 2912 324 2951 libertates
337 2913 432 2950 istas
443 2913 500 2950 ita
515 2913 812 2962 explicaverant
828 2914 867 2949 et
883 2914 1023 2949 exten-

85 2965 236 3013 derant,
259 2969 301 3004 ut
315 2966 445 3015 potius
465 2966 671 3004 servitutes
686 2977 804 3015 quam
824 2965 1026 3003 libertates

125 3036 136 3058 1
151 3036 222 3067 vid.
239 3046 267 3076 p.
285 3036 392 3068 70-71.

123 3076 138 3099 2
153 3078 218 3109 vid.
236 3087 264 3117 p.
282 3077 352 3110 125.

123 3117 138 3140 ³
152 3119 295 3150 Annales
310 3119 383 3152 eccl.
401 3119 440 3150 ad
457 3128 505 3150 an.
523 3117 612 3150 1438.

1059 293 1094 329 in
1114 292 1211 329 libro
1232 292 1279 329 dc
1300 293 1460 329 iuribus
1481 296 1518 327 et
1541 287 1798 327 libertatibus
1813 286 1999 324 ecclesiae

1062 346 1306 383 Gallicanae
1323 343 1347 390 ²,
1363 348 1401 382 et
1422 347 1505 393 post
1527 354 1670 392 paucos
1690 352 1809 378 annos
1831 351 1854 377 a
1870 351 1904 388 p.
1922 338 2000 375 Pu·

1058 401 1171 436 teano
1191 397 1387 448 (Dupuy),
1414 397 1451 434 in
1482 397 1578 434 libro
1613 396 1662 433 de
1685 392 2000 444 probationibus

1059 453 1297 491 libertatum
1316 452 1502 488 eeclesiae
1526 450 1768 487 Gallicanae
1785 445 1819 492 ²,
1840 445 2000 484 fuerunt

1057 505 1271 554 expositae,
1288 504 1428 542 Sedem
1450 502 1714 551 Apostolicam
1732 499 1916 549 legitimis
1935 498 2001 535 iu-

1056 559 1164 596 ribus
1183 558 1260 596 suis
1281 558 1448 602 exuunt,
1465 556 1671 593 ecclesiam
1692 554 1936 592 Gallicanam
1952 551 1998 590 de

1059 623 1104 649 ea
1119 612 1347 656 detrahunt,
1367 613 1406 648 et
1424 609 1463 647 in
1481 609 1663 647 servilem
1683 607 1887 656 potestatis
1907 608 2003 643 tem·

1059 664 1202 714 poralis
1213 664 1489 702 subiectionem
1503 661 1916 711 redigunt.Utriusque
1929 670 2000 696 au-

1059 718 1176 755 ctoris
1197 717 1301 763 libri,
1321 717 1357 754 in
1381 728 1501 754 unum
1522 715 1668 764 grande
1689 726 1784 764 opus
1804 713 1953 751 redacti
1972 711 2000 758 ³,

1060 783 1132 808 non
1154 773 1309 809 tantum
1330 770 1573 818 Apostolicae
1602 768 1713 806 Sedis
1743 768 1900 805 decreto
1931 767 2001 804 da·

1060 825 1202 871 mnati,
1223 825 1290 862 sed
1321 836 1343 861 a
1363 824 1414 861 22
1434 822 1622 872 episcopis
1644 821 1786 867 Gallis,
1816 833 1876 858 an.
1901 819 2001 858 1639

1060 878 1322 928 congregatis,
1334 880 1374 914 et
1389 878 1436 914 ab
1450 875 1569 925 ipsius
1585 876 1698 913 aulae
1709 873 1893 912 sanctiori
1910 885 2001 911 con-

1059 932 1145 969 cilio
1158 930 1363 980 proscripti
1377 930 1546 968 fuerunt.
1560 928 1795 976 «Nusquam
1808 927 2004 977 (inquiunt

1060 985 1209 1023 laudati
1231 985 1400 1034 episcopi
1420 983 1459 1020 in
1479 994 1643 1020 censura
1663 993 1733 1019 sua
1753 981 1844 1018 dicti
1860 979 2002 1029 operis)

1060 1038 1150 1076 fidei
1167 1038 1412 1082 christianae,
1425 1036 1624 1075 Ecclesiae
1642 1034 1870 1080 catholicae,
1886 1033 2003 1071 eccle-

1060 1092 1240 1130 siasticae
1271 1091 1508 1141 disciplinae,
1538 1089 1639 1138 regis
1669 1100 1714 1126 ac
1745 1087 1855 1137 regni
1888 1086 2005 1124 saluti

1060 1146 1348 1183 nocentioribus
1369 1143 1616 1193 dogmatibus
1637 1142 1840 1191 quisquam
1868 1141 2004 1178 adver-

1060 1202 1168 1237 satus
1199 1202 1259 1237 est
1278 1210 1394 1248 quam
1423 1198 1481 1244 iis,
1504 1208 1605 1246 quae
1636 1196 1717 1234 istis
1744 1194 2005 1232 voluminibus

1061 1253 1130 1290 sub
1149 1256 1232 1290 tam
1254 1252 1333 1289 leni
1352 1252 1468 1290 titulo
1489 1249 1796 1289 recluduntur....
1817 1247 2006 1296 Compila-

1060 1309 1122 1345 tor
1141 1306 1205 1344 ille
1227 1306 1360 1343 multis
1391 1305 1568 1354 pessimis
1588 1304 1689 1341 bona
1716 1302 1907 1351 quaedam
1927 1301 2004 1338 im-

1061 1360 1239 1406 miscuit,
1260 1362 1300 1397 et
1318 1359 1422 1396 inter
1450 1358 1567 1396 falsas
1593 1360 1632 1394 et
1651 1356 1888 1402 haereticas,
1909 1366 2005 1403 quas

1063 1414 1315 1459 detestamur,
1335 1412 1523 1450 ecclesiae
1544 1411 1770 1448 Gallicanae
1791 1409 2007 1457 adscriptas

1062 1467 1273 1505 servitutes
1289 1467 1416 1516 potius
1432 1477 1549 1515 quam
1562 1465 1778 1509 libertates,
1789 1474 1884 1500 vera
1893 1473 2006 1511 quae-

1062 1521 1190 1558 dam...
1209 1520 1371 1568 exponit
1385 1519 1398 1541 4
1415 1531 1451 1557 ›>.
1463 1519 1546 1556 Hoc
1561 1521 1693 1556 tamen
1711 1528 1828 1566 opere
1849 1516 1897 1554 ab
1909 1517 2008 1565 Apo-

1060 1575 1196 1612 stolica
1215 1574 1328 1619 Sede,
1348 1574 1395 1611 ab
1417 1572 1579 1611 ecclesia
1601 1571 1804 1609 Gallicana
1825 1572 1865 1607 et
1884 1581 1906 1607 a
1921 1580 2006 1606 san·

1062 1628 1174 1665 ctiori
1208 1627 1369 1665 concilio
1403 1626 1508 1676 regis
1542 1625 1755 1675 proscripto
1775 1653 1784 1670 ,
1818 1625 2007 1672 tanquam

1061 1681 1167 1719 fonte
1189 1681 1246 1719 usi
1263 1684 1353 1719 sunt
1374 1681 1415 1719 L.
1433 1680 1478 1718 E.
1492 1680 1542 1717 du
1564 1679 1638 1717 Pin
1663 1678 1808 1727 aliique
1826 1677 2007 1725 deinceps

1063 1735 1290 1773 libertatum
1308 1734 1600 1771 Gallicanarum
1616 1732 1784 1782 patroni,
1802 1742 1898 1780 quos
1914 1742 2008 1779 par-

1063 1789 1314 1826 lamentarios
1333 1790 1487 1832 vocant,
1513 1789 1553 1824 et
1569 1786 1790 1835 nuperrime
1820 1797 1881 1822 an.
1901 1783 2002 1821 1845
2063 1819 2065 1821 ,

1062 1842 1205 1891 Dupin,
1219 1853 1425 1879 causarum
1454 1840 1652 1889 regiarum
1681 1842 1789 1878 actor
1804 1837 1830 1885 ⁵,
1847 1838 1895 1875 ad
1913 1849 2005 1886 pro-

1062 1896 1255 1933 cudendos
1270 1907 1358 1933 suos
1377 1896 1424 1932 de
1440 1894 1704 1932 ecclesiastica
1719 1893 1924 1943 potestate,
1940 1890 2005 1928 di-

1061 1949 1235 1998 sciplina,
1255 1949 1436 1986 libertate
1456 1947 1618 1985 libellos.

1116 2004 1230 2041 Certe
1260 2002 1462 2040 libertates
1487 2002 1596 2046 istae,
1617 2002 1733 2050 prout
1761 2012 1784 2037 a
1812 1999 1868 2037 sic
1897 1998 2007 2037 dictis

1063 2056 1376 2106 parlamentariis
1387 2055 1607 2104 explicatae
1622 2056 1725 2101 sunt,
1742 2053 2009 2091 conducebant

1063 2111 1111 2148 ad
1141 2110 1417 2148 destruendam
1447 2108 1700 2146 ecclesiarum
1731 2107 1883 2145 Galliae
1917 2117 2004 2144 cum

1061 2163 1288 2213 Apostolica
1305 2164 1406 2201 Sede
1425 2162 1615 2200 unionem.
1632 2162 1801 2199 Tristem
1831 2161 2007 2198 servitu-

1064 2221 1154 2263 tem,
1172 2217 1211 2254 in
1241 2228 1359 2266 quam
1379 2216 1565 2254 ecclesiae
1580 2216 1619 2253 in
1641 2215 1781 2261 Gallia,
1801 2215 2008 2264 praetextu

1064 2271 1304 2317 libertatum,
1335 2283 1358 2308 a
1388 2269 1505 2307 curiis
1534 2270 1717 2306 redactae
1737 2268 1912 2314 fuerunt,
1933 2278 2009 2304 non

1063 2326 1216 2363 tantum
1238 2322 1450 2369 Feneionss,
1471 2323 1538 2360 sed
1559 2323 1705 2371 Fleury
1726 2323 1820 2371 ipse,
1841 2321 2008 2358 liberta-

1062 2382 1145 2416 tum
1159 2377 1342 2415 ecclesiae
1356 2377 1577 2414 Gallicanae
1593 2375 1783 2422 defensor,
1801 2375 1839 2412 in
1855 2373 2008 2424 scriptis

1064 2431 1280 2481 posthumis
1301 2430 1520 2479 deploravit
1543 2428 1569 2468 ⁷.

1115 2485 1178 2523 23.
1199 2484 1312 2522 Lites
1332 2484 1531 2522 Ludovz'cz'
1549 2483 1616 2521 XI
1626 2483 1662 2519 V
1675 2493 1767 2520 cum
1787 2481 1875 2520 ΕΗ.
1898 2482 2008 2518 Pon-

1066 2537 1472 2588 tificibus—Interim
1489 2537 1578 2574 aula
1599 2535 1803 2573 Gallicana
1823 2535 1876 2572 sic
1893 2534 2006 2572 dictis

1064 2592 1312 2630 libertatibus
1332 2591 1519 2629 ecclesiae
1540 2589 1764 2628 Gallicanae
1792 2589 1887 2625 tunc
1907 2587 2006 2625 insi-

1066 2704 1086 2735 l·
1107 2662 1115 2682 ¹
1137 2661 1261 2693 'fraite's
1284 2660 1336 2693 cles
1368 2660 1470 2693 droits
1495 2662 1526 2691 et
1555 2658 1679 2692 liberle's
1702 2659 1740 2690 de
1765 2645 1906 2699 l’hiqlise
1931 2657 2008 2690 Gal-

1091 2712 1148 2735 can
1172 2730 1177 2734 .
1360 2710 1363 2713 ’

1078 2714 1086 2735 ι
1104 2745 1119 2766 2
1136 2712 1275 2776 ffreuves
1290 2743 1343 2776 des
1360 2742 1484 2775 liberle's
1501 2741 1538 2773 cle
1556 2728 1682 2782 [Eylise
1700 2742 1874 2776 Gallicane.

1104 2786 1118 2808 3
1135 2786 1244 2818 Traite'
1258 2795 1314 2817 sur
1328 2786 1371 2816 les
1389 2784 1514 2816 liberle's
1532 2788 1587 2815 etc.
1604 2785 1692 2815 Paris
1710 2782 2008 2822 ›1731‚4v01.in-f01.

1105 2828 1118 2850 4
1136 2827 1421 2860 Preces-verbam:
1439 2826 1480 2856 clu
1497 2825 1611 2865 clerae,
1629 2826 1710 2863 t.111‚
1723 2827 1921 2863 Documenta,
1936 2824 2010 2855 ΠΛ.

1066 2869 1263 2943 PaS'Mal'gie'l
1286 2869 1329 2900 cla
1360 2867 1445 2899 droit
1465 2866 1574 2907 public
1596 2867 1829 2908 ecclesiaslique
1850 2865 2007 2906 sranyais,

1111 2920 1154 2942 rls
1241 2921 1270 2943 O.

1068 2953 1120 3025 VIG
1136 2952 1228 3024 Μείᾧηδζ
1240 2952 1278 3012 ,cle
1293 2950 1434 2982 Fe'ne'lon
1451 2950 1480 2981 in
1498 2960 1554 2981 sua
1576 2949 1656 2982 Hisc.
1681 2956 1700 2984 t.
1721 2951 1775 2988 ΙΙΙ,
1799 2949 1912 2981 Pie'ces
1929 2950 2008 2989 just.

1107 2996 1130 3059 ξ’
1142 3005 1288 3076 bimam.
1321 3044 1349 3074 p.
1377 3031 1477 3072 8995,
1494 3032 1542 3071 97,
1561 3033 1572 3064 ἰ
1583 3033 1630 3072 10,
1646 3036 1676 3064 et
1693 3032 1760 3065 113.
1775 3032 1908 3064 creare.
1923 3032 2011 3062 smn-

1067 3077 1161 3115 drali,
1175 3076 1278 3109 Gallia
1296 3073 1456 3106 vindicata
1479 3077 1510 3106 Α.
1529 3076 1666 3113 Chai-las,
1681 3075 1847 3106 Tractatus
1864 3073 1901 3105 cle
1918 3072 2014 3104 liber-

1071 3118 1188 3150 tatibus
1209 3117 1357 3149 eeclesiae
1381 3115 1583 3158 Gallicanae,
1600 3118 1684 3149 Rom.
1702 3115 1812 3153 17-203
1835 3114 2010 3146 voll.in-4⁰.

124 3158 139 3182 ⁴
154 3159 344 3192 Institution
360 3170 402 3192 au
417 3160 502 3192 droit
515 3158 761 3200 ecclesiastiqua
774 3161 855 3199 part.
870 3158 923 3199 111,
934 3167 961 3191 c.
976 3158 1027 3192 25.
1070 3162 1111 3191 De
1127 3160 1263 3197 Maistre,
1275 3158 1318 3190 De
1341 3159 1362 3190 Γ
1376 3158 1482 3198 Eylise
1496 3158 1570 3198 yall.
1593 3157 1673 3190 dans
1694 3167 1753 3190 son
1775 3158 1914 3198 rapport
1936 3163 2010 3188 avec

124 3200 139 3223 ³
156 3200 211 3242 op.
223 3202 272 3234 cit.
286 3202 357 3234 ibid.

1071 3202 1098 3234 le
1114 3201 1235 3233 Souver
1253 3200 1390 3242 Pontife‚
1406 3210 1432 3231 c.
1449 3199 1556 3232 '13-17.
