2241 3473
596 124 722 155 VSQVE
750 124 802 151 AD
832 120 1143 150 CONVERSIONEM
1172 120 1433 149 CONSTANTINI
1461 119 1504 148 M.

50 191 177 241 capite
196 188 476 228 truncarentur
494 189 563 225 aut
583 187 710 236 gladio
735 186 994 224 confoderen-

50 248 127 284 tur.
157 244 259 286 Quos
288 253 439 286 omnes,
462 241 664 289 inquiunt,
684 239 870 289 gaudium
892 250 997 276 mar-

52 296 165 348 tyrii,
185 294 392 344 promissae
422 294 674 331 beatitudinis
702 302 809 341 spes,
830 291 997 329 charitas

53 361 147 399 erga
165 349 360 386 Christum
380 348 419 384 et
438 346 608 396 Spiritus
628 345 696 383 Dei
719 344 848 382 Patris
868 345 922 382 ita
941 356 998 381 re-

54 403 260 446 creabant,
287 403 329 437 nt
357 399 449 437 laeti
480 400 527 437 ad
556 398 782 447 supplicium
812 409 999 446 propera-

53 459 154 501 rent,
172 465 410 500 suavemque
425 452 565 491 Christi
588 451 743 488 odorem
759 453 1004 498 spargerent,

55 509 151 548 adeo
180 510 222 545 ut
251 505 423 543 nonnulli
450 508 606 542 terreno
626 506 824 551 unguento
844 515 909 540 eos
930 503 1000 540 dc-

54 561 196 600 libutos
213 557 451 597 crederent¹.
463 559 626 595 Praeter
642 556 738 593 alios
753 555 884 604 plures
900 556 1001 604 passi

54 617 147 653 sunt
174 613 362 650 Photinus
391 612 590 659 episcopus
618 609 910 657 Lugdunensis,
940 608 1000 645 cui

56 666 238 706 successit
268 666 473 708 lrenaeus,
502 663 669 699 Sanctus
699 661 900 707 diaconus,
919 661 1000 698 Ve-

55 722 146 765 tius,
162 718 400 768 Apagathus,
418 716 611 761 Maturus,
625 712 1002 760 Ponticus,Attalus,

55 772 291 816 Alexander,
309 767 500 807 Blandina
516 767 542 805 ².

110 827 152 864 In
173 823 342 862 Orientis
358 821 568 870 provinciis
590 831 741 868 quoque
758 819 999 857 recruduisse

57 876 332 929 persecutionis
352 874 585 920 incendium,
606 873 800 921 plebisque
822 873 1001 910 clamori-

57 933 126 969 bus
161 928 392 967 christianos
420 927 468 964 ad
498 930 661 963 mortem
692 926 811 963 fuisse
841 926 1001 975 petitos,

58 986 294 1032 compertum
315 984 373 1018 est
391 992 440 1017 ex
460 978 626 1017 Eusebio
641 978 667 1016 ³.

101 1035 369 1074 28.Ecclesiae
379 1038 441 1070 sta
447 1038 512 1070 tus
523 1033 598 1068 sub
606 1032 817 1070 Commodo
830 1031 1002 1081 (aalso)

58 1111 107 1119 —
127 1089 331 1127 Caeterum
351 1086 485 1124 divina
504 1084 746 1133 providentia
767 1084 913 1123 factum
932 1086 1003 1130 est,

60 1145 104 1181 ut
131 1141 303 1180 Ecclesia
331 1140 401 1177 sub
431 1138 484 1176 M.
504 1138 664 1175 Aurelio
686 1138 800 1186 gravi
821 1149 1003 1187 persecu-

58 1196 162 1234 tione
181 1193 346 1238 affiicta,
365 1193 435 1229 sub
455 1191 661 1228 Commodo
682 1191 763 1228 eius
785 1201 1003 1228 successore

58 1259 191 1299 pacem
220 1246 421 1284 obtineret.
444 1244 517 1282 Hic
546 1244 645 1293 patri
674 1255 743 1280 suo
772 1245 824 1281 M.
846 1243 1003 1282 Aurelio

59 1313 120 1340 an.
151 1300 226 1338 180
253 1299 456 1345 successit,
485 1297 921 1347 imperavitque-usque
956 1297 1003 1334 ad

60 1367 121 1393 an.
145 1353 230 1392 192.
250 1354 284 1390 A
303 1354 464 1401 paterna
484 1350 730 1388 institutione
752 1351 1004 1399 degenerans,

60 1418 211 1446 morum
241 1405 424 1443 foeditate
452 1415 498 1441 ac
527 1403 760 1441 crudelitate
781 1403 929 1441 Neroni
950 1403 1004 1440 si-

60 1459 244 1498 millimus
271 1458 356 1496 fuit.
377 1458 475 1495 Eum
505 1456 652 1505 patriae
680 1457 828 1494 hostem
858 1458 897 1493 et
916 1468 1006 1505 par-

60 1513 242 1559 ricidam,
270 1513 430 1550 senatus
464 1509 674 1557 occisorem
703 1513 819 1558 atque
849 1508 1005 1546 carnifi-

60 1578 157 1612 cem,
178 1565 371 1614 impurum
392 1563 647 1613 gladiatorem
665 1565 807 1600 vccant
822 1562 918 1599 Dion
934 1562 1007 1599 He-

60 1619 244 1658 rodianus
273 1621 313 1656 et
339 1617 490 1655 Marius
519 1616 717 1654 Maximus
737 1615 763 1654 ⁴.
792 1615 1006 1653 Verumta-

61 1683 150 1710 men
166 1671 236 1708 sub
251 1671 323 1708 hoc
337 1669 573 1719 impuritatis
589 1681 633 1706 ac
649 1668 891 1706 crudelitatis
905 1680 1008 1705 mon-

63 1730 145 1763 stro
173 1723 453 1774 persecutionis
481 1725 617 1759 contra
650 1722 862 1759 Ecclesiam
900 1721 1009 1759 furor

63 1778 208 1827 sopitus
237 1783 307 1814 est.
329 1776 506 1824 Dumque
535 1774 764 1813 nobiliorum
784 1778 822 1812 et
841 1775 1007 1824 optima-

62 1834 146 1869 tum
171 1829 315 1879 quique
335 1829 405 1866 sub
425 1840 469 1865 eo
490 1829 736 1865 vexabantur
755 1840 800 1865 ac
819 1828 1009 1866 necaban-

63 1887 148 1929 tur,
167 1882 367 1920 christiani
387 1893 481 1930 pace
501 1881 609 1918 fruiti
630 1885 734 1927 sunt3
754 1882 849 1918 adeo
871 1883 914 1918 ut
933 1893 1008 1917 non

63 1937 146 1974 sine
179 1935 348 1984 supremi
382 1934 563 1973 Numinis
601 1934 760 1972 consilio
802 1933 1009 1983 imperium

64 1988 211 2028 crudeli
232 1988 315 2025 viro
335 1987 582 2025 commissum
604 1986 720 2024 fuisse
736 1987 951 2032 videretur,
967 1989 1010 2023 ut

64 2042 144 2092 qui,
172 2041 387 2090 imperante
414 2040 585 2086 Aurelio,
604 2041 644 2077 in
673 2040 899 2078 christianos
919 2051 1008 2077 sae—

65 2095 232 2141 vierant,
252 2094 501 2132 Commodum
522 2092 720 2131 christiani
739 2093 940 2143 sanguinis
959 2092 1011 2130 ul-

65 2151 189 2187 torem
209 2147 488 2197 experirentur.

117 2201 180 2239 29.
196 2201 376 2238 Ecclesia
394 2205 572 2248 auyetur
584 2222 632 2228 —
645 2199 725 2237 Sub
744 2199 858 2237 huius
879 2199 1012 2249 itaque

65 2253 283 2304 principatu
302 2254 407 2291 Deus
426 2253 626 2291 Ecclesiae
648 2253 780 2291 ruinas
801 2253 1012 2290 maioribus

66 2308 286 2356 augmentis
314 2307 522 2355 reparavit.
553 2318 576 2343 «
601 2307 732 2344 Rebus
761 2307 912 2355 quidem
941 2318 1012 2343 no-

67 2360 182 2406 stris,
209 2359 338 2409 inquit
375 2359 564 2397 Eusebius
582 2389 592 2406 ,
620 2360 827 2409 imperium
855 2361 1013 2397 tenente

68 2413 334 2459 Commodo,in
352 2411 611 2460 tranquilliori
630 2415 735 2450 statu
755 2413 1014 2458 versantibus,

68 2477 162 2515 pace
190 2477 258 2514 per
285 2465 356 2503 Dei
384 2466 551 2514 gratiam
580 2468 738 2503 cunctas
763 2466 866 2504 orbis
884 2469 1014 2503 terra-

68 2530 157 2556 rum
177 2518 357 2556 ecclesias
375 2518 589 2568 complexa,
604 2519 787 2557 salutaris
802 2519 872 2557 Dei
888 2530 1014 2557 sermo

71 2570 376 2620 quamplurimos
395 2583 443 2609 ex
465 2573 566 2609 omni
585 2572 783 2610 hominum
805 2584 945 2621 genere
965 2573 1013 2610 ad

69 2624 290 2674 religiosum
319 2624 402 2661 veri
430 2623 610 2662 Numinis
641 2625 787 2662 cultum
807 2626 1014 2674 pertrahe-

70 2679 147 2716 bat.
167 2676 280 2714 Multi
301 2688 349 2713 ex
368 2676 426 2723 iis,
448 2678 513 2726 qui
528 2678 567 2715 in
582 2679 685 2716 Urbe
700 2678 859 2729 (Roma)
874 2690 1014 2727 genere

70 2734 108 2769 et
135 2730 269 2781 opibus
297 2729 517 2768 eminebant
534 2761 543 2777 ,
570 2733 683 2770 simul
711 2744 796 2769 cum
833 2732 1014 2769 universa

71 2786 182 2823 domo
202 2786 242 2820 et
261 2782 420 2829 familia,
440 2783 600 2823 salutem
622 2785 862 2824 consecuturi
879 2786 927 2823 ad
948 2780 1015 2823 Ec-

71 2838 227 2877 clesiam
242 2835 384 2874 Christi
402 2837 609 2877 veniebant
623 2838 686 2878 ⁵».

115 2943 127 2964 ¹
143 2944 229 2984 Apud
247 2943 355 2975 Euseb.
374 2943 451 2974 llise.
467 2943 540 2975 eccl.
555 2944 574 2976 l.
586 2945 619 2982 V,
632 2954 656 2976 c.
671 2945 740 2983 1-3;
754 2946 879 2986 Gregor.
894 2946 1016 2984 Turon,

76 2985 130 3016 lib.
145 2986 158 3016 I
175 2985 212 3016 de
230 2985 315 3018 Glor.
335 2985 440 3022 Mart,
456 2994 480 3015 c.
499 2984 545 3015 49.

78 3025 130 3099 S}
145 3027 313 3089 gillemant,
325 3026 518 3064 Me'moires,
534 3031 551 3057 t.
564 3027 602 3065 11,
615 3031 691 3067 part.
705 3027 733 3066 ⁶2;
746 3028 857 3066 Butler,
867 3027 943 3058 Vies
959 3029 1017 3060 des

131 3092 136 3097 .
155 3089 171 3098 ..
187 3077 251 3099 avr.

117 3108 132 3130 3
148 3108 205 3149 Op.
222 3109 278 3140 cit.
296 3110 325 3140 in
341 3111 478 3140 Prooem.

117 3149 130 3172 ⁴
147 3151 232 3188 Apud
249 3151 413 3191 Lamprid.‚
431 3151 641 3182 Commodus.

117 3190 132 3213 5
148 3191 241 3224 Hist.
257 3193 331 3223 eccl.
348 3193 365 3223 1.
385 3193 419 3232 V,
435 3202 459 3223 c,
477 3191 526 3222 ⁶21.

1878 107 1930 147 45

1093 185 1337 234 Apollonius
1363 188 1525 223 senator
1544 204 1593 211 —-
1615 184 1692 221 Hos
1711 182 1811 220 inter
1832 182 1904 220 fuit
1924 183 1981 221 A-

1039 239 1229 288 pollonius
1256 241 1427 283 senator,
1448 237 1509 274 vir
1535 235 1722 286 politioris
1742 236 1982 274 litteraturae

1041 303 1085 329 ac
1112 291 1374 340 philosophiae
1403 290 1541 339 peritia
1570 289 1729 327 celebris
1747 303 1756 335 3
1776 289 1841 338 qui
1868 289 1983 338 paulo

1039 349 1124 393 post
1152 345 1199 381 ob
1227 344 1457 381 christianae
1484 342 1594 380 Fidei
1631 341 1906 391 professionem
1937 341 1984 378 ad

1043 398 1259 435 Perennem
1287 397 1523 445 praefectum
1559 395 1711 433 delatus
1738 396 1778 432 et
1805 395 1843 432 in
1880 394 1984 432 iudi·-

1042 451 1142 488 cium
1171 451 1331 488 vocatus
1344 481 1352 494 ,
1373 461 1501 486 coram
1520 448 1827 497 frequentissimo
1849 450 1984 486 senatu

1042 502 1322 552 apologeticam
1349 503 1559 539 orationem
1579 513 1648 550 pro
1668 501 1777 539 Fidei
1797 500 1986 538 defensio-

1042 569 1090 594 ne
1119 555 1322 601 rccitavit3
1342 555 1480 591 deinde
1508 558 1663 604 propter
1682 556 1860 592 extantes
1879 553 1986 602 leges

1042 622 1091 647 ex
1109 611 1263 647 senatus
1283 607 1454 644 consulto
1474 608 1598 656 capite
1619 608 1770 657 plexus,
1790 606 1986 644 doctrinae

1042 663 1275 700 christianae
1305 660 1576 709 professionem
1601 661 1785 710 sanguine
1803 672 1872 698 suo
1892 672 1987 697 con-

1042 715 1213 753 firmavit
1230 713 1254 751 ¹.

1094 768 1347 805 Britanniae
1367 767 1574 803 conversio
1586 787 1635 793 -—
1646 766 1724 803 Sub
1745 766 1879 804 eadem
1894 767 1990 804 tem-

1042 833 1135 870 pora
1156 820 1313 864 Lucius,
1334 831 1432 856 unus
1452 831 1472 856 e
1491 819 1716 856 Britanniae
1745 819 1902 857 maioris
1920 831 1988 856 re-

1043 874 1164 923 gibus,
1185 875 1349 910 Romam
1377 872 1525 920 legatos
1545 872 1649 909 misit
1669 873 1716 909 ad
1736 873 1989 909 Eleutherum

1043 939 1181 976 papam
1210 926 1430 963 sacerdotes
1458 924 1716 973 postulatum,
1737 925 1801 972 qui
1829 925 1990 962 Britan-

1042 992 1109 1017 nos
1125 979 1334 1017 christiana
1347 977 1442 1015 Fide
1463 978 1675 1015 erudirent.
1692 977 1873 1015 Pontifex
1888 978 1989 1027 prin-

1042 1033 1134 1082 cipis
1159 1032 1260 1069 votis
1287 1031 1421 1068 lubens
1450 1031 1597 1068 annuit.
1619 1030 1802 1079 Missique
1816 1060 1824 1076 ,
1846 1033 1888 1068 ut
1908 1031 1987 1068 fer-

1043 1088 1117 1132 tur,
1133 1085 1322 1134 Fugatius
1338 1088 1376 1121 et
1391 1084 1616 1128 Damianus,
1632 1085 1739 1120 tanto
1756 1095 1842 1120 cum
1858 1083 1987 1120 fructu

1043 1139 1184 1176 ibidem
1206 1137 1462 1187 Evangelium
1482 1136 1765 1186 praedicarunt,
1783 1139 1826 1173 ut
1842 1136 1991 1174 Tertul-

1043 1192 1169 1230 lianus
1196 1193 1385 1236 testetur,
1405 1190 1483 1227 iam
1502 1201 1571 1227 sua
1590 1192 1718 1228 aetate
1740 1201 1762 1226 «
1783 1190 1992 1227 Britanno-

1043 1257 1129 1283 rum
1165 1245 1362 1282 inaccessa
1395 1243 1580 1281 Romanis
1609 1243 1695 1281 loca
1722 1242 1872 1280 Christo
1901 1244 1995 1280 sub-

1047 1296 1208 1336 fflm²ff

1096 1351 1158 1389 30.
1181 1350 1361 1394 Tatiani‚
1377 1350 1629 1395 Barslesani,
1648 1350 1846 1387 Montani
1861 1349 1994 1386 haere-

1045 1416 1106 1442 ses
1127 1425 1175 1432 —
1196 1403 1302 1441 Alios
1329 1406 1422 1440 tunc
1452 1403 1583 1441 hostes
1602 1407 1762 1453 experto
1781 1404 1839 1440 est
1859 1402 1996 1440 Eccle-

1046 1458 1113 1504 sia,
1133 1468 1272 1505 nempe
1293 1457 1595 1502 haeresiarchas,
1612 1469 1632 1494 e
1652 1457 1789 1505 quibus
1804 1455 1911 1493 fuere
1925 1455 1998 1493 Ta-

1045 1512 1187 1553 tianus,
1208 1510 1449 1547 Bardesanes
1469 1511 1508 1547 et
1526 1509 1746 1547 Montanus.

1099 1563 1300 1609 Tatianus,
1316 1563 1445 1612 patria
1461 1564 1657 1611 Assyrius,
1668 1563 1836 1612 primum
1852 1561 1891 1598 in
1909 1573 1999 1610 gen·

1047 1617 1175 1654 tilium
1195 1615 1403 1665 disciplinis
1423 1627 1566 1664 magna
1586 1628 1672 1653 cum
1693 1615 1797 1653 fama
1818 1616 1997 1652 versatus

1047 1672 1118 1716 est;
1139 1669 1227 1707 dein
1248 1670 1297 1706 ad
1316 1668 1529 1706 christiana
1548 1680 1659 1707 sacra
1679 1669 1904 1718 perductus,
1922 1668 1997 1705 Ro-

1047 1734 1133 1761 mae
1152 1734 1181 1760 s.
1202 1722 1340 1759 Iustini
1360 1722 1514 1759 auditor
1532 1724 1572 1760 et
1587 1722 1628 1759 in
1643 1721 1922 1771 propugnanda
1936 1721 1999 1758 ad-

1048 1787 1182 1814 versus
1205 1775 1378 1812 ethnicos
1398 1775 1641 1824 philosophos
1663 1775 1873 1813 christiana
1892 1773 1998 1811 veri-

1048 1832 1130 1867 tate
1150 1829 1304 1866 adiutor
1322 1828 1406 1865 fuit.
1424 1827 1580 1869 Quanta
1599 1827 1814 1866 eruditione
1833 1827 1871 1864 id
1887 1838 1999 1876 prae-

1049 1882 1208 1928 stiterit,
1220 1884 1280 1919 sat
1295 1883 1403 1929 patet
1417 1893 1466 1918 ex
1482 1893 1541 1926 ea,
1552 1893 1669 1930 quam
1685 1881 1872 1918 adversus
1883 1880 2000 1917 Grae·

1049 1947 1112 1973 cos
1132 1947 1199 1972 seu
1220 1937 1355 1984 gentes
1373 1933 1503 1979 edidit,
1514 1933 1756 1980 Oratione,in
1777 1945 1853 1982 qua
1873 1933 2000 1970 Grae-

1050 2000 1182 2026 corum
1215 1987 1457 2037 superbiam,
1486 1987 1532 2024 de
1560 1987 1729 2024 inventis
1756 1985 1927 2024 scientiis
1955 1998 2000 2023 ac

1053 2041 1203 2079 artibus
1222 2040 1319 2078 falso
1339 2040 1601 2089 gloriantium,
1616 2040 1803 2086 retundit3
1819 2039 2000 2077 christia-

1049 2106 1140 2132 nam
1159 2094 1366 2132 veritatem
1386 2093 1577 2140 defendit3
1598 2095 1638 2131 et
1656 2093 1831 2131 ethnicas
1850 2092 2002 2130 institu-

1051 2148 1187 2194 tiones,
1202 2147 1518 2197 philosophorum
1539 2146 1862 2184 contradictiones
1882 2157 1927 2182 ac
1946 2156 2004 2183 er-

1051 2213 1158 2239 rores
1186 2200 1309 2250 carpit
1328 2198 1354 2237 3.
1385 2200 1533 2238 Verum
1561 2200 1749 2238 Tatianus
1780 2201 1865 2247 post
1882 2209 1910 2236 s.
1932 2199 2000 2235 Iu-

1052 2254 1142 2292 stini
1162 2254 1373 2302 gloriosum
1394 2253 1555 2298 exitum,
1576 2253 1736 2291 scientia
1755 2252 1924 2296 inflatus,
1945 2251 2002 2289 Fi-

1053 2308 1112 2345 dei
1133 2306 1380 2355 naufragium
1399 2305 1502 2344 fecit.
1525 2307 1652 2344 Roma
1673 2306 1712 2343 in
1732 2305 1927 2343 Orientem
1946 2316 2002 2341 re-

1052 2361 1145 2407 dux,
1157 2360 1195 2397 in
1212 2362 1331 2397 tetros
1348 2371 1499 2397 errores
1515 2360 1682 2408 dilapsus
1698 2361 1767 2405 est,
1784 2369 2002 2406 novamque

1051 2413 1245 2451 haeresim
1255 2413 1615 2451 condidit.AEonum
1628 2414 1801 2461 systema
1815 2423 2002 2449 commen-

1052 2470 1115 2504 tus
1134 2469 1193 2504 est
1211 2465 1486 2503 Valentiniano
1502 2466 1606 2504 haud
1622 2465 1807 2503 absimile.
1824 2465 1920 2502 Cum
1937 2464 2004 2501 Sa-

1052 2520 1209 2558 turnino
1229 2519 1384 2569 nuptias
1404 2531 1473 2557 ceu
1491 2522 1626 2569 stupra
1641 2517 1879 2569 proscripsit,
1898 2517 2002 2553 unde

1054 2574 1264 2611 sectatores
1293 2573 1375 2610 eius
1403 2573 1649 2610 Encratitae
1677 2584 1743 2609 seu
1764 2571 2003 2610 continentes

1055 2626 1148 2664 dicti
1177 2627 1276 2664 sunt.
1298 2626 1421 2663 Usum
1446 2625 1671 2663 animalium
1690 2624 1847 2674 vinique
1867 2623 2003 2674 prohi-

1055 2681 1159 2725 bens,
1179 2679 1260 2716 sola
1280 2691 1379 2727 aqua
1395 2679 1432 2716 in
1451 2679 1589 2716 divinis
1604 2679 1800 2726 mysteriis
1816 2679 2003 2717 utendum

1054 2732 1322 2779 contendebat,
1338 2732 1437 2770 unde
1452 2731 1628 2780 discipuli
1643 2731 1723 2768 eius
1738 2733 2003 2783 Hydropara-

1055 2791 1185 2824 statae
1209 2797 1358 2835 quoque
1378 2785 1560 2835 appellati
1579 2786 1678 2822 sunt.
1708 2785 1922 2824 Praeterea
1940 2794 2004 2820 ve-

1097 2905 1107 2927 1
1125 2905 1208 2943 lbid.,
1225 2908 1293 2936 ets.
1309 2904 1429 2935 Hieron.
1449 2903 1558 2934 Catal.

1097 2946 1111 2967 2
1127 2948 1155 2977 L.
1173 2947 1248 2977 adv.
1265 2945 1421 2982 Iudaeos,
1439 2954 1464 2976 c.
1482 2944 1507 2975 7.
1526 2945 1720 2985 Legationem
1740 2945 1822 2977 Lucii
1838 2948 1867 2977 et
1883 2946 2003 2977 Britan-

1057 2989 1158 3019 nicum
1180 2987 1299 3024 Fugatii
1327 2989 1417 3026 atque
1440 2987 1578 3018 Damiani
1603 2987 1829 3026 apostolatum,
1851 2990 2003 3019 testantur

1059 3033 1166 3060 auctor
1182 3028 1282 3059 Libri
1296 3027 1538 3068 Pontificaliffi
1555 3028 1637 3059 Beda
1652 3055 1658 3068 ‚
1675 3029 1768 3060 Hisc.
1785 3029 1883 3068 Anyl.
1900 3029 1918 3060 1.
1934 3029 1959 3067 1,
1975 3039 2001 3060 c.

1059 3070 1087 3107 3,
1105 3071 1165 3108 alii,
1183 3078 1312 3109 quorum
1331 3070 1508 3100 testimonia
1526 3070 1651 3111 collegit
1666 3071 1825 3109 Usserius,
1841 3071 1891 3101 De
1906 3071 2003 3102 eccle-

1059 3112 1145 3142 siar.
1162 3111 1301 3141 Britan.
1314 3110 1537 3150 primordiis,
1554 3121 1578 3142 c.
1596 3111 1622 3142 3.

1099 3153 1112 3173 ³
1128 3154 1216 3183 Extat
1236 3153 1353 3183 Tatiani
1371 3153 1474 3184 Oratio
1491 3153 1531 3184 ad
1550 3154 1666 3185 calcem
1689 3153 1838 3194 Operum
1854 3162 1880 3185 s.
1895 3153 2000 3184 Iustini

1060 3194 1130 3225 edit.
1148 3195 1263 3232 Maran,
1280 3197 1309 3224 et
1324 3194 1404 3224 alibi.
