2241 3473
346 125 421 164 120
722 147 728 153 ›
769 135 927 162 EPOCHA
955 135 1010 161 IX.
1041 134 1093 161 AB
1120 133 1246 160 1N1‘r10

291 203 504 250 praecessit
523 200 739 239 Martinum
755 200 792 237 V
811 200 834 238 ¹.
853 199 1040 237 Pontifex
1055 211 1115 237 an.
1135 200 1237 238 1423

290 256 493 300 Dolanam‚
523 257 561 292 et
590 266 651 291 an.
684 253 783 290 1431
815 253 1106 290 Pictaviensem
1134 254 1236 291 Uni-

290 309 516 346 versitatem
546 306 813 352 confirmavit3
842 307 903 344 ast
928 318 1048 354 quum
1068 306 1237 355 legasset

290 361 471 398 Basileae
493 359 738 397 Cardinalem
762 358 1016 396 Caesarinum
1046 361 1110 407 qui
1131 360 1234 397 Con-

289 414 377 450 cilio
391 417 596 462 praoesset,
608 412 820 450 intervenit
835 413 982 460 coeptis
997 425 1113 451 mors.
1131 413 1235 451 Obiit

288 467 391 503 enim
418 467 463 503 x⁰
493 466 675 503 calendas
703 466 835 504 martii
869 466 981 510 1431,
1001 478 1121 515 quum
1150 479 1231 505 [m-

286 531 360 556 nos
384 520 445 565 13,
464 531 592 557 mens.
622 520 646 557 3
676 524 716 557 et
741 521 828 558 dies
850 519 898 557 10
917 532 1069 558 summo
1089 521 1231 558 Sacer-

286 572 390 610 dotio
410 572 658 621 praefuisset.

336 625 398 662 20.
419 626 638 673 Ezqqemus
657 626 722 663 IV
735 628 933 674 Pontz'feoe
949 625 1035 678 (an.
1057 627 1230 677 1431)—

282 679 456 716 Martino
472 680 508 716 V
524 679 712 717 defuncto
729 680 957 718 Cardinales
978 681 1163 719 conclave
1179 682 1231 718 in-

282 732 403 779 gressi
419 731 464 769 v⁰
476 744 597 770 nonas
613 733 776 771 martias
792 734 998 783 elegerunt
1009 735 1230 783 Eugenium

281 785 350 830 IV,
370 787 488 824 antea
509 787 733 824 Gabrielem
751 787 1082 833 Conrffllmerium,
1103 789 1228 837 patri-

280 839 384 875 cium
424 840 625 877 Venetum
644 871 654 886 ‚
692 840 922 878 canonicum
963 841 1230 880 Caelestinum

279 892 603 942 Congregationis
635 906 664 932 s.
687 894 847 943 Georgii
876 894 916 931 in
938 894 1041 943 Aiga
1058 924 1067 941 ,
1098 897 1229 932 cardi-

277 945 405 983 nalem
436 947 655 997 episcopum
677 947 889 985 Senensem
908 978 917 994 ,
934 948 1061 985 virum
1083 948 1226 987 libera·
1248 971 1250 985 t

276 997 388 1036 litate
410 1000 447 1036 in
467 1013 655 1049 pauperes
668 1003 707 1038 et
719 1001 917 1050 religionis
930 1002 1056 1039 studio
1069 1005 1225 1051 specta-

275 1052 470 1090 tissimum
485 1083 494 1100 ,
515 1055 581 1102 qui
599 1054 814 1092 Ecclesiam
841 1056 1078 1104 gubernavit
1104 1068 1226 1105 usque
1248 1080 1249 1083 =

275 1105 325 1142 ad
345 1118 408 1146 an.
432 1108 545 1145 1447.
564 1108 600 1145 Is
616 1108 840 1145 Florentiae
856 1109 1040 1154 instituit,
1062 1110 1117 1146 uti
1142 1121 1226 1147 nar-

274 1160 338 1196 rat
348 1159 392 1197 D.
404 1161 625 1198 Antoninus
637 1160 666 1208 2,
683 1162 885 1199 «scholam
898 1162 1144 1208 clericorum,
1159 1164 1223 1212 qui

273 1213 446 1261 quotidie
465 1214 700 1252 interessent
720 1214 862 1252 Missae
883 1215 1164 1261 decantandae,
1184 1221 1223 1254 et

273 1266 390 1304 Horis
411 1268 576 1313 diurnis,
596 1268 857 1317 Completorio
874 1269 1042 1318 dempto,
1059 1271 1128 1307 sub
1144 1270 1222 1308 Ma-

274 1319 410 1369 gistro,
427 1321 547 1369 quiin
563 1322 949 1367 Grammaticalibus‚
961 1325 999 1360 et
1015 1324 1142 1362 Cantu
1158 1336 1222 1361 eos

271 1373 499 1420 instrueret,
521 1378 560 1413 et
581 1388 657 1412 non
678 1376 807 1413 minus
828 1376 865 1412 in
887 1377 1076 1414 moribus.
1098 1377 1221 1415 Locus

271 1429 416 1473 autem,
437 1439 514 1476 quo
535 1429 665 1466 clerici
686 1429 743 1466 illi
764 1441 833 1478 pro
853 1429 1115 1468 instructione
1136 1443 1221 1468 con-

270 1482 467 1527 venirent,
487 1493 606 1531 prope
628 1483 845 1520 Ecclesiam
866 1483 990 1532 ipsam
1012 1485 1219 1533 deputatus

270 1535 341 1571 est:
376 1537 416 1572 et
449 1535 488 1572 hi
522 1536 680 1584 quidem
713 1536 888 1584 legitime
923 1537 1004 1575 nati
1025 1549 1048 1575 a
1068 1538 1219 1575 decimo

269 1598 371 1625 anno
393 1600 516 1637 usque
538 1590 585 1626 ad
608 1589 801 1627 decimum
819 1590 1001 1638 quintum
1023 1603 1221 1629 assumen-
1240 1616 1242 1628 1

268 1641 306 1677 (11
326 1644 365 1679 et
384 1641 627 1680 describendi
645 1673 654 1688 ,
676 1644 716 1680 et
737 1655 859 1692 usque
880 1644 928 1681 ad
949 1645 1214 1682 sacerdotium
1239 1632 1242 1685 l

266 1694 465 1733 retinendi
487 1697 535 1733 ab
558 1697 736 1735 antistite
758 1697 931 1735 civitatis
950 1710 985 1735 >›.
1008 1698 1110 1735 Hinc
1130 1710 1217 1736 me-

267 1748 342 1785 rito
362 1749 568 1787 deducitur
590 1750 716 1799 prima
745 1751 853 1800 origo
882 1752 1191 1789 Seminariorum
1209 1783 1217 1799 ,

267 1813 366 1850 quae
387 1815 409 1840 a
430 1814 540 1841 sacro
560 1803 795 1842 Tridentino
825 1805 999 1844 Concilio
1022 1804 1036 1826 3
1056 1805 1218 1844 fuerunt

267 1856 507 1906 praescripta
526 1856 553 1895 ¹¹.
576 1858 780 1907 Eugenius
797 1858 850 1895 IV
865 1858 1102 1896 laboriosum
1126 1872 1215 1908 pon-

265 1907 460 1946 tificatum
482 1910 631 1949 habuit.
654 1912 770 1948 Initio
800 1912 1032 1950 seditionem
1061 1913 1213 1951 civilem

266 1972 402 2009 passus
423 1966 481 2000 cst
502 1975 524 2001 a
544 1964 881 2011 Columnensibns,
904 1966 1065 2004 Martini
1088 1967 1124 2003 V
1145 1979 1215 2004 ne-

266 2016 433 2063 potibus,
452 2029 571 2065 quum
587 2019 816 2056 thesaurum
840 2031 907 2068 pro
929 2020 1126 2058 Ecclesiae
1147 2033 1215 2058 ne-
1235 2046 1237 2058 2

264 2069 514 2108 cessitatibus
533 2075 828 2120 congregatum,
843 2085 955 2121 quom
973 2074 999 2110 ii
1016 2074 1214 2120 tenebant,
1235 2102 1236 2105 η

264 2133 403 2160 severe
434 2125 707 2174 repetivisset3
743 2127 808 2164 sed
831 2126 989 2164 illorum
1011 2128 1212 2166 audaciam

305 2252 314 2273 ¹
332 2252 450 2283 nuliam
473 2251 596 2284 Comme
610 2254 748 2292 ternpore
758 2254 1065 2294 itlnrtinchoepisse
1079 2255 1215 2286 ammo

265 2294 392 2334 quando
410 2295 439 2324 in
457 2294 684 2325 Constantiensi
709 2295 833 2334 synodo
848 2296 1051 2327 Boliemorum
1066 2298 1213 2328 haereses

264 2336 459 2375 proscriptae
476 2336 561 2366 suere
585 2336 691 2367 docuit
713 2338 784 2367 olim
811 2338 985 2367 Dominicns
1009 2347 1025 2368 a
1049 2340 1131 2376 Soto,
1155 2340 1212 2370 hoc

262 2378 354 2408 unico
369 2378 466 2409 frctus
484 2378 696 2416 fundamento,
713 2379 795 2418 quod
815 2379 991 2417 migetium,
1018 2381 1131 2420 aliique
1148 2382 1212 2420 pri-

260 2419 304 2449 sci
321 2419 496 2459 Scriptores
513 2419 606 2450 altum
624 2420 661 2450 de
675 2430 709 2450 ca
725 2430 756 2450 re
773 2420 928 2450 silentium
943 2423 1145 2453 servaverint.
1163 2423 1212 2453 Ce-

261 2463 361 2491 terum
386 2469 446 2491 non
471 2461 600 2491 11011100
625 2465 752 2498 tantum,
775 2461 829 2491 sed
855 2465 882 2492 et
906 2463 1059 2494 Clemente
1085 2465 1106 2493 V
1130 2465 1213 2494 anti-

261 2503 400 2541 quiorem
417 2503 517 2541 ipsam
534 2511 620 2538 esse,
643 2503 754 2533 cruditi
778 2512 814 2533 eo
839 2503 1032 2541 potissimum
1056 2506 1210 2542 evincunt,
1232 2533 1233 2540 ,

259 2544 340 2583 qnod
359 2545 425 2583 ipse
438 2544 578 2575 Clemens
598 2545 618 2575 V
635 2546 676 2581 (in
694 2545 840 2576 Clement.
858 2545 870 2575 Ι
889 2544 1091 2583 uenaliciis)
1108 2546 1210 2586 palam

259 2586 407 2624 fateatur,
426 2586 610 2625 quibusdam
627 2586 819 2617 solemnibus
844 2586 915 2616 :mni
940 2587 1049 2617 diebus
1073 2590 1105 2620 Γ..
1131 2590 1209 2619 l’on-

259 2625 359 2658 titices
387 2628 550 2666 generales
579 2628 733 2668 quosdam
764 2637 932 2667 processus
958 2629 1061 2659 lacere
1085 2639 1212 2660 consue-

259 2668 362 2699 visse:
387 2669 437 2699 nbi
461 2669 645 2700 observetur
661 2670 785 2708 Glossa,
805 2678 885 2709 quae
903 2670 972 2699 111116
996 2670 1134 2710 opinioni
1160 2672 1208 2701 sa·
1229 2702 1230 2707 ,

258 2714 316 2739 vet.
342 2710 485 2748 Vignisse
509 2715 610 2742 antem
629 2713 709 2742 lianc
726 2713 844 2742 Bullam
862 2715 933 2741 :inte
951 2712 1105 2743 Urbanum
1123 2713 1162 2744 Ill
1180 2718 1209 2744 et

259 2752 444 2782 Clementem
470 2753 505 2782 1v
529 2757 559 2783 et
583 2754 602 2782 V
627 2763 663 2784 ea
688 2762 747 2783 non
772 2753 999 2785 contemnenda
1024 2756 1204 2785 coniectura
1227 2784 1229 2800 )

258 2790 314 2829 εἐί,
328 2794 408 2832 quod
427 2794 578 2825 Ostiensis
596 2795 780 2826 l).'1'liom:ie
797 2798 1088 2832 contemporaneus,
1106 2797 1163 2826 imo
1179 2801 1205 2827 el
1227 2802 1228 2816 ¹

259 2835 416 2873 antiquior
429 2845 579 2874 expresse
603 2837 693 2866 liuius
719 2845 886 2875 processus
908 2837 1044 2866 meminit
1061 2837 1089 2866 in
1109 2839 1150 2867 tit.
1169 2837 1206 2867 de

260 2875 359 2906 Crini.
383 2876 468 2915 falsi,
491 2878 507 2907 l.
534 2877 561 2907 Γ),
588 2878 652 2908 Vid.
676 2879 793 2908 Domin.
821 2878 982 2908 nei-ninum
1008 2879 1035 2908 in
1060 2878 1206 2909 Ilixlnrc'oe

257 2916 427 2948 haeresum
450 2922 470 2949 t.
488 2919 516 2955 -t,
531 2929 614 2950 saec.
631 2920 743 2950 XV.—
758 2922 820 2951 Non
845 2923 945 2950 tamen
963 2923 1014 2957 tot,
1028 2924 1101 2959 quot
1125 2930 1204 2951 nune
1224 2906 1227 2958 1

259 2959 352 2989 habet
377 2961 556 2991 continebat
578 2963 729 2999 (iunones,
759 2961 812 2991 sed
842 2962 920 2991 (latis
944 2962 1162 2992 occasionibus
1188 2973 1203 2991 :i

260 3000 390 3031 Mai-tino
415 3002 447 3038 V,
471 3002 563 3032 l’aulo
587 3002 626 3040 11,
649 3003 733 3033 Sixto
753 3004 797 3040 lV,
817 3004 913 3033 Leone
931 3004 965 3040 X,
985 3003 1141 3039 l‘anlolll,
1159 3004 1204 3034 Iu-

258 3041 298 3071 lio
323 3042 370 3078 ΙΙΙ,
396 3044 488 3073 l‘anlo
511 3044 558 3080 1v,
584 3045 634 3074 rio
661 3045 691 3082 V,
709 3045 859 3085 Gregorio
881 3045 943 3075 Xlll
968 3049 997 3076 et
1013 3046 1080 3076 aliis
1099 3046 1203 3076 variae

259 3083 450 3115 adiectiones
469 3086 568 3115 sactae
588 3090 668 3117 sunt.

298 3124 313 3146 ²
330 3123 450 3156 Chron.
463 3130 539 3165 part.
560 3127 606 3163 111,
623 3128 666 3158 tit.
682 3127 732 3164 ⁶22,
750 3137 776 3159 c.
792 3127 841 3160 10.

297 3165 312 3187 ³
325 3167 405 3197 Scss.
421 3167 471 3206 ⁶23,
486 3177 554 3206 cap.
575 3168 622 3206 18,
639 3169 682 3200 Dc
698 3169 947 3209 ltesormatione.

297 3207 309 3228 ⁴
325 3208 521 3247 spondanus,
539 3209 577 3240 ad
596 3219 645 3242 an.
663 3210 754 3250 1136,
770 3211 785 3251 ἔ
804 3212 831 3242 ὓ.

1276 133 1506 161 SCHISMATIS
1534 134 1764 161 OCCIDENTIS

1280 198 1432 247 legibus
1464 201 1660 248 armisque
1692 199 1820 249 fregit.
1847 202 1919 239 An.
1957 200 2058 239 1433
2089 212 2220 251 regem

1279 252 1571 300 Sigismundum
1593 254 1870 302 imperatorem
1889 255 2037 292 Romae
2056 255 2223 293 solemni

1278 306 1354 342 ritu
1377 307 1591 353 coronavit,
1607 308 1810 354 postquam
1838 307 1870 344 is
1890 308 2071 354 iurasset,
2091 320 2132 347 se
2151 308 2221 346 ca·-

1277 358 1317 394 th
1324 358 1462 396 olicam
1474 359 1589 396 fidem
1603 364 1642 396 et
1655 359 1908 398 ecclesiarum
1920 361 2009 398 iura
2021 362 2222 410 atquepri-

1279 411 1421 460 vilegia
1432 412 1583 450 illibata
1596 413 2009 451 custoditurum.Anno
2021 417 2221 464 sequente,

1277 465 1472 502 concitata
1510 466 1644 514 pravis
1679 466 2028 506 machinationibus
2049 468 2221 517 Philippi

1275 518 1384 555 ducis
1396 518 1700 557 Mediolanensis
1715 520 1753 556 in
1763 520 1868 557 Urbe
1880 521 2005 558 Roma
2018 521 2220 567 seditione,

1275 571 1452 621 confugit
1477 572 1736 617 Florentiam3
1766 575 1900 621 postea
1917 574 2064 612 sedatis
2091 574 2220 613 turbis

1275 625 1441 662 Romam
1477 638 1678 675 regressus
1708 629 1778 663 est.
1818 626 1986 664 Caetera
2015 627 2219 666 Pontificis

1273 677 1387 715 huius
1407 682 1536 727 gesta,
1567 691 1742 728 quaeque
1770 691 1794 716 a
1821 679 2077 718 schismaticis
2102 681 2218 719 Basi-

1273 731 1470 769 leensibus
1490 744 1694 781 perpessus
1715 732 1764 770 sit
1783 732 2001 771 videbimus
2019 733 2134 772 infra.

1325 785 1388 822 21.
1429 786 1667 824 Basz'leense
1706 787 1928 824 concilium
1948 809 1999 814 —
2023 787 2218 826 Martinus

1273 837 1309 874 V
1328 867 1336 883 ‚
1356 839 1472 875 sicuti
1493 839 1665 877 diximus
1683 869 1692 886 ‚
1720 839 1906 877 cardinali
1934 840 2086 878 Iuliano
2114 841 2218 879 vices

1271 902 1362 929 suas
1396 893 1645 931 commiserat
1662 922 1671 937 ,
1693 894 1737 930 ut
1756 893 1929 941 generali
1957 894 2133 941 concilio,
2147 894 2219 932 Ba-

1270 945 1388 982 sileae
1411 945 1569 993 indicto,
1595 947 1862 995 praesideret3
1897 947 2000 996 quod
2028 959 2118 985 cum
2146 948 2219 985 Eu-

1270 999 1405 1045 genius
1426 999 1481 1036 IV
1501 999 1773 1037 confirmasset
1791 1029 1800 1045 ,
1836 999 2008 1038 Iulianus
2027 1001 2216 1049 postridie

1270 1052 1357 1089 idus
1378 1053 1592 1090 decembris
1630 1053 1744 1098 1431,
1779 1054 2051 1102 praesentibus
2080 1054 2217 1104 paucis

1268 1106 1467 1152 praelatis,
1487 1107 1655 1154 primam
1677 1107 1890 1144 sessionem
1909 1107 2059 1153 habuit,
2080 1109 2119 1145 in
2139 1116 2217 1158 qua

1268 1170 1426 1208 scopum
1447 1160 1622 1205 Concilii⁷
1643 1159 1831 1197 nimirum
1865 1161 2071 1198 haeresum
2091 1161 2216 1199 extir-

1268 1213 1484 1260 pationem,
1500 1213 1711 1251 Christiani
1732 1214 1834 1252 orbis
1851 1225 1986 1263 pacem
2003 1217 2043 1253 et
2054 1226 2215 1252 morum

1267 1267 1599 1312 reformationem,
1621 1267 1803 1316 exposuit
1820 1297 1829 1310 ,
1848 1267 2037 1317 variaque
2059 1269 2214 1307 decreta

1268 1319 1363 1368 legit
1383 1321 1429 1357 de
1451 1320 1615 1358 concilio
1651 1320 1932 1358 convocatione
1951 1323 1992 1359 et
2011 1322 2058 1359 (16
2077 1319 2213 1360 ordine

1266 1372 1305 1409 in
1327 1385 1372 1410 eo
1395 1375 1601 1411 servando.
1620 1374 1697 1411 Vix
1714 1378 1897 1423 coeptum
1914 1375 2124 1412 concilium
2140 1375 2215 1413 Eu-

1265 1427 1405 1475 genius
1415 1427 1469 1464 IV
1480 1427 1622 1464 litteris
1636 1428 1683 1464 ad
1697 1427 1892 1465 Iulianum
1909 1427 2081 1477 legatum
2099 1440 2212 1467 suum

1264 1481 1381 1526 datis,
1401 1481 1608 1518 transtulit
1630 1481 1859 1521 Bononiam.
1884 1484 1972 1530 post
1995 1482 2042 1519 18
2062 1494 2214 1521 menses

1263 1534 1301 1570 in
1324 1535 1396 1571 hac
1418 1534 1512 1571 urbe
1532 1535 1808 1572 inchoandum.
1844 1535 1970 1572 Causa
1989 1534 2064 1573 fuit
2079 1566 2088 1582 ‚
2109 1537 2212 1585 quod

1264 1599 1340 1624 non
1373 1587 1442 1624 nisi
1465 1588 1578 1636 pauci
1600 1588 1767 1636 praelati
1788 1588 1984 1626 Basileam
2000 1590 2213 1628 convenis—

1263 1643 1364 1686 sent,
1385 1643 1425 1678 et
1446 1639 1558 1678 multi
1580 1644 1738 1690 propter
1770 1641 1873 1678 bella
1891 1641 2000 1679 inter
2021 1643 2210 1693 Burgun-

1262 1694 1349 1731 diae
1382 1695 1422 1731 et
1454 1695 1642 1732 Austriae
1676 1695 1793 1732 duces
1827 1706 1872 1731 eo
1898 1696 2112 1744 pervenire
2133 1708 2209 1735 non

1262 1750 1430 1796 possent3
1448 1748 1549 1796 quod
1566 1747 1722 1786 Basilea
1739 1748 1841 1786 haud
1859 1749 2084 1788 commodus
2103 1749 2211 1789 locus

1261 1804 1377 1847 esset,
1397 1802 1435 1838 in
1456 1814 1531 1851 quo
1552 1813 1641 1839 cum
1678 1801 1840 1839 Graecis
1860 1802 1908 1840 ad
1931 1802 2115 1841 unionem
2136 1815 2208 1854 pah

1259 1855 1359 1893 ratis
1380 1855 1545 1893 tractari
1579 1858 1730 1905 posset,
1750 1856 1929 1905 quodque
1949 1854 2076 1906 ii‚'qui‘
2090 1856 2208 1896 'Ba'si-

1227 1913 1230 1918 '
1259 1909 1343 1946 leae
1363 1912 1477 1946 erant
1496 1909 1722 1958 congregati
1736 1938 1745 1955 ‚
1765 1920 1853 1946 cum
1874 1909 2058 1948 Bohemis
2076 1909 2207 1956 hussi—

1258 1963 1308 1999 tis
1343 1963 1389 2000 de
1423 1963 1577 2000 haeresi
1594 1992 1603 2007 ,
1637 1963 1714 2000 iam
1735 1964 1784 1999 ab
1803 1962 1996 2001 Ecclesia>
2010 1965 2208 2010 damnata,

1259 2019 1432 2053 tractare
1448 2016 1680 2065 coepissent.
1693 2016 1838 2053 Verum
1850 2017 2079 2066 congregati
2095 2029 2207 2067 prae-

1259 2070 1325 2106 lati
1347 2079 1435 2106 curn
1458 2070 1610 2107 Iuliano
1646 2069 1824 2119 praeside
1844 2070 2014 2108 rationes
2028 2101 2037 2115 ‚
2055 2083 2079 2109 a
2099 2071 2206 2109 Pon-

1256 2124 1361 2160 tifice
1381 2123 1585 2171 allegatas,
1599 2123 1709 2172 parvi
1730 2122 1914 2161 facientes
1927 2123 1975 2162 ad
1984 2124 2205 2173 Eugenium

1256 2177 1512 2225 scripserunt,
1531 2179 1573 2213 ut
1593 2176 1857 2214 dissolutioni-s
1877 2180 1918 2214 et
1935 2178 2205 2217 translationis

1256 2230 1409 2267 litteras
1429 2232 1651 2273 revocaret,
1672 2232 1712 2267 ct
1731 2230 1836 2267 edita
1855 2230 2018 2280 epistola
2037 2231 2205 2281 encycli-

1256 2296 1301 2321 ca
1322 2283 1518 2332 praesules
1539 2283 1712 2331 aliosque
1730 2313 1739 2329 ,
1760 2283 1826 2332 qui
1847 2284 1893 2321 de
1914 2284 2000 2322 iure
2020 2288 2090 2323 aut
2108 2297 2203 2323 oon-

1255 2337 1460 2375 suetudine
1481 2337 1527 2374 ad
1551 2337 1758 2374 concilium
1796 2337 1931 2375 venire
1950 2339 2201 2386 tenebantur,

1255 2390 1450 2428 Basilearn
1468 2393 1696 2436 evocarunt,
1713 2391 1987 2438 contestati‚se
1999 2392 2203 2432 concilium

1253 2444 1550 2481 continuaturos
1571 2445 1691 2482 donec
1713 2445 1870 2493 negotia
1886 2474 1896 2490 ‚
1925 2448 2082 2496 propter
2101 2457 2203 2495 quae

1253 2502 1536 2543 convenerant,
1556 2500 1686 2535 essent
1702 2498 1930 2546 composita.
1947 2499 2093 2537 Eorum
2112 2511 2202 2538 con-

1251 2550 1380 2588 silium
1415 2552 1629 2600 probarunt
1666 2551 1941 2600 Sigismundus
1974 2553 2200 2602 imperator,

1252 2604 1415 2642 Carolus
1436 2605 1511 2642 VII
1532 2616 1605 2643 rex
1626 2605 1780 2642 Galliae
1813 2605 1976 2655 eiusque
1996 2607 2136 2653 clerus,
2158 2611 2200 2646 et

1252 2669 1438 2694 numerus
1462 2659 1689 2706 praesulum
1723 2658 2009 2697 Basileensium
2037 2664 2196 2698 auctum

1250 2715 1317 2747 est.
1341 2712 1586 2761 Quapropter
1606 2713 1680 2750 xv⁰
1702 2712 1882 2750 calendas
1913 2713 2074 2752 martias
2098 2714 2199 2753 1432

1251 2765 1473 2802 habuerunt
1505 2766 1714 2803 sessionem
1750 2766 1816 2803 IIm
1831 2796 1840 2812 ‚
1874 2766 1942 2804 sed
1976 2766 2197 2816 praesidere

1250 2818 1375 2855 noluit
1403 2818 1578 2856 Iulianus
1608 2819 1776 2868 legatus3
1806 2820 1844 2857 in
1873 2831 1950 2869 qua
1968 2822 2194 2871 congregati

1249 2871 1499 2909 declararunt
1519 2872 1726 2910 concilium
1747 2873 1924 2911 Basileae
1944 2873 2020 2911 rite
2038 2877 2078 2912 et
2096 2875 2198 2925 legi-

1248 2924 1342 2961 timo
1363 2937 1446 2962 esse
1468 2929 1755 2973 congregatum
1772 2955 1782 2970 ,
1803 2936 1928 2974 neque
1958 2926 2038 2964 ulla
2058 2932 2199 2966 aucto-

1249 2978 1507 3024 1·itate‚etiani
1524 2979 1665 3027 papali,
1678 2980 1760 3017 sine
1775 2991 1846 3017 suo
1863 2990 2049 3018 consensu
2067 2981 2200 3020 dissol-

1248 3032 1285 3067 vi
1307 3038 1376 3068 aut
1395 3032 1471 3069 alio
1492 3032 1697 3071 transferri
1719 3045 1850 3082 posse3
1871 3036 2076 3082 praeterea
2105 3047 2198 3073 con-

1246 3086 1456 3122 firmarunt
1486 3086 1804 3125 Constantiensia
1838 3087 1995 3125 decreta
2015 3088 2063 3126 de
2083 3090 2196 3138 pote-

1245 3140 1347 3175 state
1369 3139 1525 3176 concilii
1545 3140 1739 3189 generalis
1759 3139 1983 3179 immediate
1999 3153 2022 3179 a
2041 3141 2194 3181 Christo

1245 3193 1407 3241 accepta
1427 3193 1551 3241 dcquc
1569 3193 1652 3232 eius
1671 3204 1791 3243 supra
1810 3205 1943 3232 omncs
1973 3195 2191 3234 auctorita-
