2241 3473
211 107 289 146 218

157 181 263 219 sidiis
278 183 318 219 et
332 179 616 219 rebellionibus.
633 175 846 225 Anglorum
855 172 1104 211 orientalium

157 247 227 273 seu
247 234 472 283 Estangliae
491 242 657 280 regnum
679 228 791 266 annis
810 227 945 265 multis
963 237 1106 275 magna

157 300 247 326 cum
277 286 484 336 prudentia
504 289 543 321 et
563 283 707 331 pietate
726 281 950 318 moderatus
970 282 1030 317 est
1049 279 1105 316 Ε-

154 342 389 384 thelbertus,
402 340 465 387 qui
477 350 538 375 an.
553 336 629 374 793
641 347 708 384 per
723 346 914 372 summam
925 333 1107 382 proditio-

158 406 244 432 nem
258 395 366 430 iussu
379 391 486 429 Offae
500 390 602 438 regis
615 388 848 426 Merciorum
865 387 1014 424 occisus
1024 398 1108 423 san-

159 448 210 485 cti
231 449 269 483 et
288 444 474 493 martyris
492 443 650 480 titulum
671 439 852 490 accepit¹.
870 440 996 478 Offam
1016 451 1106 475 mox

158 498 352 538 commissi
373 496 545 535 criminis
566 495 767 545 poenituit,
788 494 963 542 illudque
984 492 1046 542 pia
1066 492 1105 528 in

158 554 292 591 urbem
320 552 486 588 Romam
514 549 828 599 peregrinatione
849 550 887 584 et
907 547 992 584 aliis
1011 545 1107 582 reli-

158 605 274 655 giosis
303 604 484 653 operibus
514 603 701 651 expiavit.
733 602 829 639 Post
848 612 982 637 necem
1001 611 1030 636 s.
1050 599 1107 635 E-

157 658 341 696 thelberti
362 668 523 705 regnum
546 655 774 704 Estangliae
794 654 860 692 diu
882 653 1106 702 regulorum

160 714 199 749 et
219 716 478 760 tyrannorum
498 709 696 747 violentiis
717 708 926 746 obnoxium
950 706 1036 744 fuit.

210 764 521 803 Northumbriae
550 774 716 812 regnum
755 762 802 798 ab
831 761 938 798 obitu
967 758 1108 796 Alfridi

157 818 262 868 regis
279 817 390 868 (705)
406 829 528 865 usque
544 817 591 854 ad
607 816 719 854 initia
734 815 853 852 huius
868 813 1012 851 saeculi
1024 824 1110 849 con-

158 873 268 909 tinua
296 871 378 908 fere
398 870 642 908 dissidiorum
665 872 705 907 et
724 868 913 906 bellorum
936 866 1109 904 civilium

159 926 259 964 serie
280 925 549 973 perturbatum
569 924 657 961 suit.
674 923 933 960 Accesserunt
946 919 1111 957 invasio-

160 991 227 1016 nes
245 979 459 1024 Danorum3
480 978 544 1026 qui
565 976 923 1015 Northumbrorum
945 972 1111 1011 dissidiis

161 1033 240 1079 usi,
272 1031 459 1069 classibus
479 1031 559 1068 suis
579 1031 626 1068 ab
647 1042 710 1067 an.
732 1029 809 1066 793
830 1039 965 1065 eorum
984 1030 1111 1064 terras

159 1086 399 1131 invaserunt,
416 1084 546 1122 omnia
561 1086 771 1128 vastantes,
789 1081 972 1119 ecclesias
987 1083 1027 1118 et
1037 1092 1113 1118 mo-

160 1139 332 1178 nasteria
359 1140 612 1188 praedantes,
629 1137 773 1174 multos
793 1135 1023 1184 praesertim
1043 1145 1110 1172 sa-

162 1194 340 1231 cerdotes
369 1194 408 1230 et
445 1192 654 1229 monachos
691 1189 990 1233 interficientes,
1020 1187 1113 1224 alios

161 1247 314 1284 vinctos
329 1246 576 1289 abducentes,
592 1244 728 1282 aliisve
744 1242 957 1292 opprobriis
972 1253 1112 1279 vexan-

162 1302 222 1338 tes
230 1300 256 1338 ².
277 1302 390 1338 Anno
406 1303 537 1336 autem
552 1298 629 1335 798
645 1299 714 1335 aut
729 1295 908 1345 sequenti
924 1295 1114 1332 Ehanbal-

162 1355 254 1399 dus,
284 1353 593 1402 archiepiscopus
622 1349 898 1395 Eboracensis,
918 1349 1112 1398 synodum

162 1407 290 1456 coegit
318 1407 418 1456 apud
447 1404 630 1450 Finchal,
659 1404 720 1441 cui
740 1405 896 1452 praeter
916 1402 1114 1450 episcopos

163 1461 337 1509 aliosque
359 1460 462 1497 viros
478 1458 760 1496 ecclesiasticos
774 1456 1039 1493 interfuerunt
1055 1467 1115 1504 op-

162 1515 333 1552 timates.
354 1515 496 1551 Actum
518 1513 557 1549 in
578 1524 625 1548 ea
641 1513 701 1549 est
721 1511 767 1547 de
783 1511 899 1547 rebus
914 1508 1115 1546 Ecclesiae

163 1571 204 1605 et
230 1567 357 1617 gentis
384 1566 764 1610 Northumbrorum,
784 1566 824 1601 et
844 1562 1048 1611 disciplina
1068 1561 1114 1598 de

163 1620 394 1659 celebrando
423 1620 618 1658 Paschate
637 1617 849 1656 secundum
869 1618 1027 1653 veteres
1047 1627 1116 1652 ca-

164 1687 284 1713 nones
303 1674 523 1712 instaurata
537 1670 640 1710 fuit3.

216 1729 258 1766 In
279 1739 400 1777 regno
420 1726 657 1765 Merciorum
677 1737 738 1763 an.
760 1724 837 1762 796
858 1722 983 1761 Offam
1006 1734 1117 1760 exce-

165 1783 221 1833 pit
235 1781 445 1826 Kenulfus,
461 1781 525 1830 qui
542 1780 701 1830 pietate,
718 1777 944 1816 fortitudine
956 1776 1117 1825 aliisque

165 1836 381 1874 'virtutibus
401 1834 598 1884 praeditus
611 1863 620 1880 ,
640 1832 823 1881 regnavit
842 1843 964 1880 usque
985 1830 1033 1868 ad
1054 1842 1116 1867 an.

165 1891 255 1928 821.
276 1889 400 1927 Huius
420 1887 602 1937 principis
624 1898 723 1924 anno
741 1886 777 1923 II
793 1885 1046 1930 Athelardus,
1063 1895 1120 1921 ar-

165 1943 428 1992 chiepiscopus
448 1940 757 1985 Cantuariensis,
785 1950 969 1988 magnam
996 1949 1118 1987 syno-

166 1998 259 2035 dum
281 1996 496 2034 celebravit
515 1995 617 2044 apud
634 1992 866 2038 Bacanceld,
881 1992 943 2029 cui
960 1995 1117 2040 praeter

170 2051 219 2089 18
248 2051 447 2099 episcopos
468 2051 508 2086 et
527 2050 657 2097 plures
677 2047 836 2084 abbates
856 2045 1118 2083 interfuerunt

169 2103 365 2142 Kenulfus
384 2114 453 2140 rex
475 2105 514 2139 et
533 2102 753 2151 optimates.
776 2100 818 2137 In
840 2111 888 2137 ea
909 2111 958 2136 ex
980 2101 1117 2136 aucto-

168 2160 286 2197 ritate
315 2157 456 2195 Leonis
476 2156 546 2204 Pp.
570 2156 625 2193 III
646 2155 716 2192 sub
745 2165 870 2203 poena
889 2165 1118 2190 excommu-

170 2211 372 2250 nicationis
388 2210 625 2259 prohibitum
641 2213 699 2246 est
714 2207 892 2251 laicis,ne
905 2206 1118 2243 dominium

171 2265 210 2303 in
234 2278 296 2303 res
316 2263 600 2302 ecclesiasticas
622 2259 886 2310 usurpa1²en†'¹.
908 2262 981 2298 An.
1002 2260 1079 2296 803
1095 2259 1122 2295 i-

170 2320 257 2357 dem
287 2318 600 2366 archiepiscopus
637 2315 802 2352 alteram
833 2313 1120 2362 episcoporum,

171 2374 357 2412 abbatum
377 2374 417 2409 et
432 2370 661 2420 optimatum
679 2369 867 2417 synodum
890 2367 1025 2404 habuit
1041 2366 1122 2403 Clo-

171 2426 395 2470 voshoviae,
415 2424 523 2462 cuius
543 2434 661 2460 causa
681 2422 777 2458 haec
798 2421 883 2458 fuit:
905 2420 991 2457 Offa
1011 2419 1120 2456 Mer-

170 2481 315 2518 ciorum
337 2491 404 2517 rex
426 2478 474 2516 ab
493 2476 693 2515 Hadriano
715 2475 783 2523 Pp.
802 2477 1031 2511 consecutus
1047 2473 1122 2510 fue-

171 2537 246 2580 rat,
269 2538 310 2571 ut
327 2534 517 2583 primatus
533 2530 701 2579 dignitas
716 2533 755 2565 ct
772 2527 1054 2576 metropolitica
1069 2527 1124 2563 in-

172 2600 217 2626 ra
244 2588 349 2625 inter
386 2584 708 2624 Cantuariensem
748 2584 786 2619 et
815 2581 1122 2618 Licht‘eldeusem

172 2641 371 2691 praesules
401 2638 678 2678 dividerentur.
710 2636 788 2673 Leo
818 2635 872 2671 III
903 2646 924 2671 a
953 2633 1123 2671 Kenult'o

174 2707 266 2744 rege
287 2698 326 2732 et
346 2692 557 2732 Atliclardo
573 2690 861 2738 archiepiscopo
878 2694 1050 2735 rogatus,
1067 2699 1125 2723 cc-

175 2749 316 2786 clesiae
332 2745 602 2786 Cantuariensi
621 2743 820 2793 pristinam
839 2742 1068 2789 dignitatem
1088 2742 1127 2777 ct

177 2802 341 2849 antiqua
369 2802 457 2839 iura
476 2811 561 2837 cum
583 2798 774 2847 primatus
794 2796 937 2832 honore
951 2824 960 2840 ,
980 2794 1012 2830 ci
1038 2806 1061 2830 a
1081 2793 1124 2829 I).

175 2856 364 2903 Gregorio
386 2855 437 2892 M.
459 2854 618 2902 eiusque
639 2849 925 2888 successoribus
947 2858 1126 2885 concessa

177 2908 362 2946 restituit.
385 2908 492 2949 Quod
516 2905 719 2944 l‘ontisscis
739 2905 935 2940 decretum
958 2902 995 2938 in
1017 2912 1127 2949 syno-

177 2964 224 3000 do
245 2962 560 2999 Clovcshoviensi
584 2958 870 3008 promulgatum
893 2960 960 2993 est.
986 2954 1127 2992 Provi-

859 110 1016 139 EPOCHA
1043 108 1100 136 v1.
1127 109 1157 136 A
1185 106 1340 135 CAROLO
1368 108 1411 136 M.

1149 172 1382 210 auctoritate
1398 171 1507 209 Sedis
1523 171 1778 221 Apostolicae,
1789 173 1896 212 cuius
1910 174 1996 211 vice
2006 173 2101 211 fun-

1150 225 1329 274 gebatur,
1343 224 1558 263 Athelardu
1565 237 1594 271 S,
1603 227 1672 263 sub
1689 239 1812 275 poena
1827 227 2102 272 anathematis,

1149 281 1308 316 cautum
1336 280 1394 315 est
1431 290 1478 315 ne
1515 278 1606 316 laici
1644 282 1684 317 et
1710 281 1929 319 saeculares
1958 280 2102 318 domini

1150 332 1457 381 praeficerentur
1477 333 1721 370 monasteriis
1735 332 1758 371 ἶ.

1205 385 1264 422 18.
1285 385 1494 422 Ecclesiae
1521 387 1735 423 orientalis
1755 392 1891 425 status
1905 410 1956 415 —
1977 388 2020 425 In
2043 386 2099 424 Ο-

1151 439 1274 476 riente
1303 439 1509 487 postremis
1533 439 1677 476 saeculi
1699 441 1966 488 praecedentis
1993 439 2104 478 annis

1151 492 1342 529 discordia
1370 492 1473 529 inter
1502 492 1798 530 Constantinum
1826 493 2100 543 imperatorem

1151 548 1190 583 et
1218 546 1370 583 Irenem
1399 548 1567 583 matrem
1596 558 1707 583 suam
1734 558 1922 595 magnum
1950 547 2034 596 paci
2065 550 2105 584 et

1151 599 1401 648 prosperitati
1429 599 1609 647 publicae
1648 600 1927 637 detrimentum
1956 599 2102 637 intulit.

1150 655 1262 689 Anno
1281 652 1359 689 790
1375 652 1651 690 Constantinus
1670 655 1835 690 matrem
1851 652 2015 702 imperio
2029 652 2105 701 pri-

1153 706 1279 751 vavit,
1308 706 1372 743 sed
1394 710 1479 754 post
1499 718 1658 751 annum,
1679 706 1907 755 rogantibus
1928 705 2100 755 proceri-

1151 760 1243 804 bus,
1273 759 1464 806 restituit;
1485 771 1582 807 quae
1612 760 1750 797 exinde
1771 771 1860 797 cum
1879 759 2104 809 proceribus

1153 815 1192 850 et
1221 812 1406 849 militibus
1427 813 1629 850 consilium
1651 813 1738 850 iniit
1757 812 1962 850 deiiciendi
1982 812 2104 849 vicis-

1153 867 1224 903 sim
1252 865 1377 903 filium
1406 878 1529 903 suum.
1551 867 1827 904 Constantinus
1847 866 2104 915 depravatus,

1153 932 1214 957 an.
1235 920 1312 957 795
1341 919 1508 957 Mariam
1528 919 1743 968 legitimam
1771 920 1976 969 coniugem
1994 930 2105 956 suam

1153 973 1374 1022 repudiavit
1394 975 1433 1010 et
1449 973 1655 1010 monialem
1676 973 1761 1010 fieri
1782 973 1906 1019 iussit,
1923 976 1967 1010 ut
1982 972 2109 1009 Theo-

1153 1028 1282 1064 dotam
1300 1027 1579 1063 cubiculariam
1594 1026 1666 1064 sibi
1682 1027 1924 1064 adscisceret.
1943 1026 2014 1064 His
2030 1026 2108 1063 for-

1154 1082 1247 1118 titer
1258 1080 1405 1118 restitit
1420 1080 1634 1118 Tharasius
1644 1081 1868 1130 patriarcha
1879 1080 1958 1129 Cp.;
1973 1080 2038 1117 sed
2054 1079 2110 1116 iu-

1156 1134 1266 1172 venis
1287 1135 1499 1183 imperator
1517 1134 1600 1171 eius
1623 1134 1769 1171 monita
1786 1134 1984 1184 minasque
2000 1144 2105 1182 spre-

1157 1188 1225 1235 vit,
1242 1190 1282 1225 et
1302 1199 1429 1225 coram
1447 1188 1610 1236 Iosepho
1627 1188 1853 1236 presbytero
1870 1190 1910 1224 et
1923 1186 2108 1224 ecclesiae

1155 1243 1220 1291 Cp.
1239 1253 1444 1279 oeconomo
1464 1241 1688 1289 illegitimas
1703 1241 1860 1290 nuptias
1875 1252 1964 1278 cum
1980 1240 2110 1277 Theo-

1156 1296 1247 1333 dota
1268 1295 1474 1332 contraxit.
1497 1295 1663 1332 Tantum
1686 1294 1853 1340 facinus,
1871 1294 1971 1342 quod
1987 1294 2026 1330 in
2043 1305 2111 1342 pu-

1156 1349 1299 1386 blicum
1330 1349 1525 1385 evadebat
1552 1349 1777 1386 scandalum
1791 1378 1800 1392 ,
1820 1347 1877 1385 ita
1896 1347 2112 1385 commovit

1157 1415 1205 1440 ss.
1232 1403 1436 1440 Platonem
1457 1405 1495 1439 et
1515 1402 1761 1439 Theodorum
1781 1402 1953 1447 abbates,
1974 1404 2019 1437 ut
2035 1412 2110 1437 non

1158 1458 1310 1494 tantum
1330 1455 1576 1504 imperatoris
1591 1456 1748 1504 nuptias
1763 1454 1893 1504 palam
1907 1454 2113 1503 reprehen-

1159 1511 1307 1555 derent,
1328 1521 1495 1558 eumque
1517 1521 1589 1546 ceu
1609 1508 1997 1546 excommunicatum
2018 1507 2115 1544 vita-

1158 1566 1264 1609 rent,
1293 1563 1360 1601 sed
1389 1565 1509 1600 etiam
1536 1564 1768 1600 recederent
1795 1574 1819 1599 a
1839 1561 2111 1599 communione

1159 1617 1360 1662 Tharasii,
1389 1617 1492 1664 quod
1521 1615 1744 1653 adulterum
1773 1615 2050 1664 imperatorem
2071 1616 2112 1650 et

1159 1671 1364 1720 Iosephum
1393 1670 1688 1719 presbyterum,
1717 1669 1782 1718 qui
1801 1680 1888 1706 eum
1909 1668 2114 1713 iunxerat,

1159 1737 1233 1762 non
1254 1723 1624 1762 excommunicaret.
1646 1723 1859 1772 Imperator
1878 1724 2034 1760 sanctos
2050 1722 2113 1758 ab·

1159 1780 1268 1816 bates
1284 1777 1491 1827 pluresque
1504 1788 1639 1814 eorum
1651 1776 1859 1814 monachos
1873 1775 2115 1819 verberibus,

1160 1843 1316 1870 carcere
1345 1835 1386 1869 et
1414 1831 1529 1868 ex³1io
1558 1832 1772 1868 insectatus
1801 1834 1871 1867 est.
1903 1830 2014 1867 Anno
2035 1828 2114 1867 797

1160 1886 1308 1923 deiecto
1325 1887 1364 1922 ct
1380 1887 1587 1922 excaecato
1605 1885 1858 1923 Constantino
1870 1913 1878 1929 ,
1895 1883 2006 1921 Irene
2035 1881 2117 1920 sola

1160 1940 1370 1988 imperavit
1391 1951 1511 1988 usque
1531 1939 1578 1975 ad
1601 1950 1745 1975 annum
1766 1937 1844 1975 802
1860 1934 1886 1974 ².

1213 1993 1380 2030 Internis
1392 1993 1451 2030 his
1467 1992 1769 2030 dissensionibus
1781 1990 2030 2028 accesserunt
2039 1987 2118 2025 bel-

1161 2048 1199 2085 la
1217 2049 1392 2085 externa.
1417 2046 1600 2083 Saraceni
1624 2057 1743 2094 usque
1765 2045 1813 2082 ad
1834 2041 2116 2082 Constantino-

1160 2101 1276 2150 polim
1307 2099 1567 2149 praedabundi
1588 2101 1867 2144 excurrerunt,
1890 2095 2051 2145 Bulgari
2070 2107 2116 2133 e-

1160 2156 1256 2192 tiam
1277 2165 1439 2203 gravem
1459 2153 1610 2190 cladem
1630 2153 1791 2202 imperio
1811 2162 1952 2200 graeco
1973 2149 2115 2187 intule-

1160 2212 1253 2246 runt
1272 2220 1373 2245 auno
1393 2207 1482 2245 791.

1214 2264 1328 2300 Anno
1344 2261 1421 2298 802
1437 2260 1589 2297 deiecta
1605 2259 1714 2297 Irene
1732 2261 1912 2308 augusta,
1927 2256 2120 2306 Nicepho-

1162 2327 1228 2354 rus
1257 2316 1305 2352 ab
1334 2314 1508 2351 exercitu
1541 2314 1754 2362 imperator
1783 2312 1979 2349 salutatus
1999 2316 2059 2347 est
2078 2311 2119 2346 et

1162 2368 1343 2418 regnavit
1364 2380 1484 2415 usque
1506 2367 1553 2404 ad
1576 2378 1639 2403 an.
1660 2367 1749 2405 811.
1770 2367 1957 2414 Princeps
1976 2374 2118 2401 saevus

1163 2427 1201 2460 et
1231 2434 1394 2466 avarus,
1415 2421 1590 2458 subditos
1609 2420 1825 2468 tyrannicis
1847 2417 2119 2456 exactionibus

1163 2476 1365 2525 oppressit,
1385 2478 1424 2512 et
1444 2474 1713 2511 ecclesiasticis
1736 2473 1902 2521 negotiis
1921 2483 1963 2509 se
1985 2469 2117 2508 immi-

1164 2542 1284 2574 scens,
1305 2529 1442 2565 turbas
1462 2539 1603 2575 graves
1623 2527 1822 2564 excitavit.
1845 2528 1918 2564 An.
1941 2524 2020 2562 806
2042 2523 2117 2562 Ni-

1165 2584 1376 2631 cephorum
1398 2582 1659 2630 patriarcham
1684 2582 1762 2629 Cp„
1784 2593 1813 2618 s.
1835 2577 2013 2617 Tharasii
2030 2588 2120 2615 suc-

1166 2648 1372 2680 cessorem,
1389 2635 1622 2683 viminisquo
1639 2634 1835 2683 compulit,
1854 2635 1896 2670 ut
1912 2631 2117 2681 Iosephum

1166 2691 1435 2739 presbyterum
1457 2691 1495 2725 ct
1514 2700 1782 2734 oeconomum,
1803 2699 1826 2725 a
1844 2685 2033 2724 Thamsio
2053 2683 2120 2720 de-

1170 2745 1332 2792 positum
1347 2773 1356 2786 ,
1377 2743 1475 2790 quod
1499 2742 1730 2779 adulterinis
1750 2739 1993 2779 Constantini
2017 2749 2118 2785 nup-

1167 2797 1231 2833 tiis
1252 2796 1510 2839 interfuisset,
1532 2797 1568 2833 in
1591 2796 1796 2844 pristinum
1816 2793 1977 2842 gradum
1999 2790 2118 2828 resti-

1168 2853 1306 2888 tueret.
1339 2851 1449 2886 Anno
1470 2852 1546 2887 800
1566 2846 1897 2896 Constantinopoli
1917 2845 2120 2894 episcopo-

1171 2916 1254 2941 rum
1276 2907 1315 2940 ct
1335 2904 1517 2940 abbatum
1539 2903 1742 2940 concilium
1765 2900 1909 2949 coegit,
1931 2900 1968 2936 in
1995 2909 2073 2946 quo
2094 2896 2119 2934 ii

1169 2970 1216 2995 ex
1239 2957 1481 3006 imperatoris
1502 2957 1694 2994 sententia
1714 2954 1977 2995 declararunt,
1994 2950 2121 2988 coniu-

178 3029 263 3054 sum
284 3015 402 3053 etiam
434 3014 504 3053 fuit
533 3012 854 3051 monasteriorum
877 3009 1062 3054 libertati,
1091 3011 1129 3045 et
1172 3012 1274 3061 glum
1297 3011 1536 3047 Constantini
1560 3023 1645 3048 oum
1667 3008 1866 3047 Thoodota
1887 3019 1906 3043 e
1928 3006 2122 3053 dispensa,

221 3123 229 3143 ¹
250 3122 389 3152 bolland.
407 3122 487 3151 Acta
505 3120 564 3150 SS.
582 3119 622 3148 ⁶20
638 3118 719 3148 maii.

220 3164 235 3184 2
254 3165 337 3202 ram,
357 3162 486 3200 (Irilit'a,
503 3162 540 3191 ad
559 3170 606 3191 an.
627 3160 692 3190 7953.

221 3206 235 3228 ³
251 3206 362 3243 Lahlw,
383 3204 474 3236 Cone.
493 3208 511 3234 ῑ.
530 3203 586 3241 Vll,
603 3212 629 3241 p.
653 3201 729 3232 1110
744 3204 773 3231 cl
795 3199 935 3231 illm—⁴
953 3198 995 3230 ΙΙ).
1012 3197 1055 3238 p.l
1069 3198 1075 3228 1
1090 3196 1131 3228 Π.

1215 3154 1222 3174 ¹
1245 3153 1358 3190 Lalilw,
1383 3151 1503 3183 Cornell.
1523 3156 1542 3181 t.
1561 3152 1621 3190 vll,
1637 3160 1665 3191 p.
1684 3148 1771 3180 1189.

1222 3195 1234 3215 '²
1252 3196 1434 3234 'l'hvophnn
1451 3199 1479 3224 rt
1496 3193 1627 3224 (lrdrrn.
