2241 3473
427 128 552 160 VSQVE
581 130 634 157 AD
664 128 865 156 PVBLICAM
893 126 1036 155 RERVM
1066 127 1107 154 IN
1135 129 1291 157 GALLHS
1320 131 1624 160 SVBVERSIONEM

71 205 204 233 menso
227 205 298 232 suo
317 193 356 230 in
377 193 552 231 homines
571 205 718 240 amore,
733 191 1009 238 cuiusvis,sive

73 247 289 293 christiani,
306 247 389 284 sive
407 247 546 291 iudaei,
560 247 643 284 sive
659 247 826 296 gentilis,
836 246 1007 284 animum

69 301 196 350 aliquo
219 300 358 337 saltem
380 301 484 337 vitae
499 306 670 349 tempore
683 301 853 338 illustrat
872 303 911 337 ct
930 310 1008 335 mo-

70 358 137 391 vet
156 353 203 391 ad
225 353 366 390 bonum
391 355 698 401 cognoscendum
720 357 759 391 ct
778 352 1008 397 faciendum,

69 411 260 456 quatenus
280 406 313 443 ei
335 406 473 443 indidit
497 406 724 455 particulam
747 406 866 443 divini
888 406 1006 442 lumi-

70 460 141 505 nis,
156 459 270 508 quod,
287 471 402 507 quum
422 460 489 497 Dei
507 459 746 496 voluntatem
763 458 926 507 aperiat,
948 470 1005 495 vo—

66 518 183 550 catur
205 513 365 550 verbum
389 515 596 557 internum,
617 516 655 550 et
675 524 792 560 quum
814 524 835 548 a
856 511 1007 549 Christo

65 566 273 604 descendat.
293 571 331 603 et
352 567 399 602 ab
423 578 468 603 eo
489 578 562 602 non
597 566 716 614 possit
746 565 932 613 separari,
954 565 1007 601 ita

73 625 115 656 ut
136 619 168 656 is
189 619 227 656 in
248 619 403 656 homine
440 619 550 666 quasi
584 619 758 663 habitet,
791 617 1008 666 appellatur

68 672 244 710 Christus
263 673 448 709 internus.
467 671 573 709 Istud
594 671 723 709 lumen
740 671 962 708 recensione
984 681 1005 706 a

68 726 185 763 rebus
204 726 375 763 externis
393 730 432 762 et
451 725 666 762 attentione
688 725 840 761 interna
861 724 1005 761 studio-

67 791 108 818 se
129 778 376 816 excitandum
399 780 474 823 est,
494 778 586 827 quia
620 778 798 826 quamvis
818 777 910 814 illud
934 788 1006 813 ne·-

66 832 161 870 mini
181 832 416 880 denegetur,
433 843 455 869 a
475 831 605 869 multis
624 835 756 868 tamen
773 832 928 879 propter
948 841 1004 867 eo·

65 897 154 924 rum
175 885 452 934 negligentiam
488 896 562 922 non
596 885 818 934 percipitur.
841 884 923 921 Hoc
943 883 1006 920 lu-

66 939 169 977 mine
189 914 304 976 ducet>
307 949 441 975 omnes
463 938 651 984 homines,
669 937 811 975 ethnici
832 949 877 974 ac
898 937 1006 974 chri—

65 992 194 1037 stiani,
215 991 262 1028 ad
292 991 456 1029 salutem
489 992 693 1040 pe1veni1e
723 997 885 1047 possunt
905 992 1004 1027 eto-

66 1046 146 1083 mni
162 1049 338 1105 tempore
353 1047 576 1094 potuerunt.
589 1044 649 1081 Ex
661 1045 731 1081 hoc
749 1045 866 1080 verbo
882 1044 1007 1080 inter-

66 1110 114 1136 no
134 1099 237 1136 sacri
257 1098 565 1136 Christianorum
592 1097 680 1134 libri
701 1099 921 1140 manarunt,
941 1097 1004 1145 qui

66 1153 277 1191 secundum
305 1151 420 1196 illud,
442 1154 574 1199 utpote
593 1150 847 1188 revelationis
867 1151 1007 1194 factae,

65 1205 310 1255 perdurantis
342 1208 381 1241 et
412 1215 561 1253 semper
597 1205 809 1241 duraturae
845 1201 1006 1249 fontem,

66 1262 157 1297 sunt
178 1257 424 1307 explanandi.
447 1257 504 1294 Ea
523 1257 605 1295 sola
632 1257 786 1295 luminis
821 1257 941 1294 divini
962 1269 1006 1294 e-

65 1311 195 1361 loquia
215 1310 394 1349 habenda
413 1314 516 1355 sunt,
537 1322 634 1359 quae
658 1323 781 1359 neque
801 1322 919 1348 sanae
939 1322 1009 1348 ra-

64 1366 195 1411 tionis,
216 1376 343 1413 neque
364 1376 393 1402 s.
414 1363 725 1414 Scripturae·(de
747 1365 858 1401 cuius
879 1369 1008 1402 aucto-

63 1419 181 1456 ritate
211 1418 368 1456 minime
401 1418 701 1466 conveniebant)
735 1418 1007 1455 dictaminibus

65 1473 143 1510 sint
161 1472 368 1510 contraria.
385 1471 597 1508 Praeterea
614 1471 785 1512 Quakeri
803 1472 1008 1520 mysterio—

64 1537 127 1564 sas
147 1525 378 1563 christianae
397 1524 596 1573 religionis
613 1525 806 1562 doctrinas
823 1527 862 1561 et
876 1536 1006 1562 sacra—

66 1581 196 1616 menta
215 1578 458 1622 rejiciebant,
473 1581 511 1615 et
527 1578 565 1614 in
581 1579 786 1625 quemdam
808 1578 1003 1615 Deismum

65 1633 288 1670 tendebant.
310 1632 353 1668 In
374 1632 547 1668 doctrina
582 1632 717 1668 morali
738 1633 785 1669 ab
806 1631 889 1668 aliis
909 1632 1007 1668 hae—

65 1686 199 1723 reticis
215 1685 446 1722 differebant
461 1685 681 1733 praecipue,
697 1685 796 1733 quod
817 1685 1008 1721 iuramen-

65 1743 149 1776 tum
170 1743 210 1776 et
228 1738 386 1782 bellum,
406 1737 500 1775 alios
517 1737 686 1775 salutare
704 1744 743 1775 et
759 1739 873 1775 aliter
888 1750 1004 1787 quam

65 1793 224 1830 vocibus
244 1791 436 1828 secundae
472 1803 655 1839 personae
675 1791 883 1840 singularis
904 1793 1007 1830 allo-

69 1846 150 1895 qui,
171 1848 288 1894 caput
307 1845 506 1882 denudare
523 1874 532 1890 ,
567 1845 711 1882 aliosve
733 1845 897 1882 honores
918 1846 1006 1883 cui-

69 1910 200 1947 quam,
221 1899 303 1947 ipso
325 1909 415 1946 rege
436 1910 507 1934 uon
531 1902 707 1946 excepto,
727 1899 910 1936 exhibere
926 1930 934 1945 ,
955 1900 1007 1936 il-

68 1952 221 1990 licitum
241 1952 444 1997 haberent3
465 1952 566 1999 quod
588 1952 879 1998 oblectationes,
897 1965 1006 2001 pom-

69 2018 136 2054 pas
155 2011 195 2043 et
213 2005 347 2043 luxum
369 2005 409 2042 in
429 2005 575 2041 vestitu
597 2008 636 2041 et
655 2005 883 2054 supellectili
915 2008 1008 2043 tan-

67 2071 183 2108 quam
195 2070 270 2104 res,
281 2058 575 2096 sensualitatem
589 2060 805 2096 nutrientes
822 2060 1007 2096 animum-

65 2124 141 2160 que
163 2112 436 2157 distrahentes,
453 2113 603 2149 evitare
626 2113 904 2160 praeciperent.
928 2114 1007 2150 Eo-

68 2177 156 2202 rum
173 2165 398 2203 constitutio
414 2165 676 2202 ecclesiastica
692 2166 750 2203 his
768 2163 964 2214 principiis
974 2179 1007 2204 e-

67 2223 130 2256 rat
152 2218 368 2256 conformis.
391 2217 516 2259 Quum
538 2219 640 2255 enim
660 2218 790 2256 lumen
812 2220 1005 2257 internum

70 2271 193 2309 cuivis
211 2271 377 2309 hominis
397 2276 497 2309 esset
517 2272 699 2317 inditum,
720 2285 795 2309 non
814 2273 1007 2311 habebant

69 2325 170 2361 inter
184 2336 224 2362 se
237 2325 302 2373 qui
317 2326 530 2362 doctrinam
550 2325 806 2374 theologicam
821 2326 1006 2372 colerent,

71 2389 195 2425 neque
216 2378 452 2426 peculiarem
482 2379 797 2427 praedicatorum
819 2379 1006 2418 ordinem.

68 2430 240 2479 Duplicis
261 2434 390 2467 tamen
412 2432 564 2480 generis
585 2433 781 2470 ministros
801 2433 1006 2480 habebant,

68 2483 260 2532 apostolos
290 2495 438 2532 nempe,
467 2485 532 2532 qui
562 2486 609 2522 ad
636 2487 922 2534 propagandam
942 2498 1004 2523 se-

68 2541 169 2574 ctam
191 2536 267 2574 alio
284 2537 453 2582 abibant,
473 2540 510 2574 et
530 2540 712 2581 seniores,
733 2539 797 2587 qui
818 2550 1005 2587 pauperes

71 2594 110 2628 et
130 2590 304 2627 infirmos
325 2591 515 2627 curabant
537 2599 576 2628 et
592 2592 714 2629 ordini
730 2594 767 2629 in
783 2593 903 2629 sacris
919 2605 1004 2629 con—

69 2644 252 2680 ventibus
268 2643 684 2691 invigilabant.Eorum
696 2657 805 2682 sacra
816 2646 852 2682 in
866 2658 910 2682 eo
924 2646 1003 2684 solo

71 2697 342 2740 consistebant,
364 2698 463 2744 quod
500 2703 614 2745 prout
634 2698 717 2746 quis
738 2711 761 2735 a
779 2699 915 2747 spiritu
939 2700 1003 2736 in—

68 2753 179 2787 terno
199 2750 445 2787 excitabatur
462 2780 470 2795 ,
492 2752 635 2788 nudato
655 2753 779 2799 capite
795 2751 857 2788 vel
879 2753 924 2788 ad
945 2753 1000 2789 di-

71 2803 232 2840 cendum
254 2807 431 2851 surgeret
452 2804 513 2840 vel
534 2804 583 2841 ad
612 2806 799 2841 orandum
820 2805 856 2841 in
878 2817 1001 2853 genua

68 2856 367 2905 procumberet,
397 2858 558 2893 caeteris
577 2858 829 2906 surgentibus
849 2864 887 2894 et
907 2859 1000 2896 viris

68 2913 183 2958 caput
216 2909 511 2947 denudantibus.
546 2910 644 2947 Dum
678 2911 820 2947 nemini
854 2911 942 2959 quid
962 2914 999 2949 in

68 2966 236 3000 mentem
273 2962 475 3007 veniebat,
510 2966 614 3000 totus
647 2968 792 3009 coetus,
815 2976 861 3000 ne
883 2966 1000 3003 verbo

68 3016 222 3064 quidem
251 3016 394 3060 audito,
423 3016 653 3053 discedebat.
683 3017 879 3058 Quantum
911 3029 1002 3067 spe-

71 3072 150 3106 ctat
170 3071 216 3107 ad
238 3081 372 3106 nomen
395 3069 677 3114 Quakerorum,
694 3071 792 3118 quod
813 3071 849 3107 in
871 3071 1001 3120 lingua

71 3123 272 3171 anglicana
307 3127 519 3160 trementes
552 3123 731 3168 denotat,
765 3123 828 3160 alii
857 3123 1001 3172 dicunt,

71 3186 135 3213 eos
154 3176 190 3213 id
211 3177 376 3226 primum
410 3176 602 3225 accepisse
622 3188 644 3213 a
664 3177 829 3225 quodam
864 3177 1001 3227 iudice,

1858 122 1936 161 223

1053 193 1133 240 qui,
1156 205 1243 231 cum
1264 195 1347 234 Fox
1369 208 1457 234 eum
1477 197 1526 234 ad
1546 197 1708 234 verbum
1729 196 1799 234 Dei
1818 197 1988 236 tremere

1055 246 1220 293 iuberet,
1242 248 1342 286 hunc
1361 251 1521 300 eiusque
1541 251 1707 288 asseclas
1726 250 1882 288 ludibrii
1903 262 1988 289 cau-

1053 311 1095 336 sa
1117 301 1268 338 vocarit
1287 305 1510 349 trementes3
1526 304 1591 341 alii
1609 306 1757 353 putant,
1771 315 1836 341 eos
1850 303 1907 341 ita
1922 316 1988 353 ap-

1053 353 1216 401 pellatos
1237 354 1357 392 fuisse
1373 387 1382 402 ,
1404 358 1503 405 quod
1524 357 1561 394 in
1583 358 1744 394 verbum
1767 357 1834 394 Dei
1856 358 1986 395 inten-

1054 406 1202 452 dentes,
1235 411 1405 446 tremerc
1435 410 1616 448 solerent.
1640 411 1714 459 Ipsi
1734 422 1774 448 se
1793 410 1989 448 confesso-

1053 471 1113 497 res
1141 459 1240 498 lucis
1268 466 1308 498 et
1336 462 1479 500 amicos
1509 475 1651 501 vocare
1691 466 1987 502 consueverunt.

1104 512 1225 550 Porro
1246 513 1327 551 Fox
1350 515 1397 552 ad
1416 517 1701 576 propagandam
1716 519 1861 555 sectam
1877 529 1988 555 suam

1053 577 1125 602 non
1147 569 1300 604 tantum
1322 569 1486 617 Angliae
1507 569 1726 618 provincias
1746 571 1989 619 peragravit,

1049 618 1113 655 sed
1135 619 1277 656 etiam
1269 632 1306 656 in
1323 621 1504 668 Scotiam,
1524 623 1740 660 Americam
1756 625 1989 672 septentrio-

1050 672 1202 718 nalem,
1240 673 1377 722 Anglis
1406 676 1645 721 subiectam,
1685 676 1931 715 Hollandiam
1949 681 1989 715 et

1048 702 1298 763 Germa’niam
1332 727 1530 775 profectus
1562 730 1632 766 est.
1665 728 1884 768 Secundum
1907 731 1988 769 eius

1048 778 1268 826 exemplum
1290 781 1462 818 asseclae
1491 782 1664 818 eiusdem
1684 782 1851 821 fanatico
1870 785 1987 821 ardo-

1049 842 1089 867 re
1109 837 1255 870 sectam
1284 844 1502 883 propagare
1535 835 1789 882 studuerunt,
1822 849 1986 885 quorum

1049 886 1173 932 multi,
1189 887 1306 924 etiam
1326 887 1503 934 feminae,
1520 888 1699 936 Angliam
1716 891 1987 938 peragrabant,

1049 939 1178 977 lumen
1198 940 1397 978 internum
1419 941 1715 988 annuntiantes,
1735 943 1987 992 hominesque

1049 994 1095 1030 ad
1112 994 1366 1031 deserendam
1384 995 1611 1046 religion*
1627 999 1850 1044 corruptam
1871 999 1910 1034 et
1929 1009 1989 1034 su-

1048 1047 1246 1095 scipienda
1277 1059 1346 1084 sua
1379 1048 1523 1097 placita
1551 1048 1779 1086 excitantes.
1800 1049 1987 1087 Nonnulli

1049 1101 1088 1137 in
1121 1100 1369 1147 Ameiicam,
1406 1101 1679 1148 Hollandiam,
1717 1102 1990 1149 Germaniam,

1050 1153 1230 1198 Galliam,
1251 1154 1405 1192 Italiam
1444 1154 1620 1203 aliasque
1652 1156 1830 1204 regiones
1862 1157 1989 1193 studio

1052 1206 1216 1244 faciendi
1240 1208 1457 1256 proselytos
1490 1207 1653 1257 profecti
1685 1211 1788 1246 sunt.
1810 1209 1990 1257 Copiosos

1054 1264 1187 1298 coetus
1208 1260 1431 1299 formarunt
1458 1261 1495 1298 in
1526 1262 1893 1310 septentrionalibus
1913 1264 1989 1300 An-

1053 1314 1154 1363 gliae
1190 1313 1401 1362 provinciis
1419 1345 1427 1359 ,
1460 1315 1658 1363 pauciores
1678 1315 1715 1352 in
1735 1315 1894 1364 reliquis
1914 1346 1922 1361 ,
1951 1317 1990 1353 in

1054 1367 1187 1405 Scotia
1210 1370 1249 1405 et
1269 1368 1469 1406 Hibernia.
1492 1368 1534 1404 In
1557 1369 1736 1406 America
1768 1369 1992 1419 principalis

1051 1433 1184 1458 eorum
1220 1422 1329 1458 sedes
1362 1421 1436 1458 fuit
1466 1421 1738 1470 Pensylvania.
1760 1423 1884 1460 Extra
1903 1424 1991 1461 An-

1052 1475 1171 1523 gliam
1193 1479 1233 1511 et
1252 1475 1446 1512 subiectas
1462 1475 1496 1511 ei
1512 1480 1641 1512 terras
1662 1487 1803 1524 paucos
1822 1476 1990 1514 asseclas

1053 1529 1279 1565 habuerunt.
1302 1528 1344 1564 In
1364 1528 1448 1576 ipsa
1467 1529 1609 1577 Anglia
1624 1532 1781 1577 propter
1800 1530 1990 1578 importu-

1053 1594 1140 1619 nam
1162 1583 1427 1619 conversionis
1448 1583 1688 1629 methodum,
1718 1587 1876 1631 propter
1896 1595 1989 1620 con-

1052 1635 1154 1672 vicia
1174 1635 1212 1671 in
1234 1635 1439 1672 ecclesiam
1456 1638 1495 1672 et
1511 1636 1673 1681 clerum,
1695 1640 1851 1685 propter
1870 1637 1991 1674 iusiu-

1052 1689 1218 1726 randum
1249 1691 1288 1725 et
1316 1689 1485 1726 decimas
1514 1689 1740 1738 denegat-as,
1768 1701 1882 1738 saepe
1903 1701 1989 1727 cum

1052 1742 1213 1790 privatis
1229 1771 1238 1786 ,
1272 1742 1420 1778 clericis
1442 1746 1481 1779 et
1501 1742 1796 1790 magistratibus
1830 1743 1989 1781 collide-

1051 1797 1202 1840 bantur,
1223 1795 1452 1844 saepiusque
1482 1796 1578 1833 dura
1598 1800 1636 1833 et
1655 1796 1807 1834 incerta
1825 1796 1902 1834 fuit
1921 1809 1992 1834 eo-

1051 1860 1137 1885 rum
1159 1849 1326 1889 conditio
1350 1847 1373 1886 ¹.

1103 1902 1138 1940 9.
1161 1903 1386 1950 Peyrerzm
1406 1902 1766 1940 Praeadam2·ta-
1781 1903 1910 1941 Alium
1931 1915 1991 1941 er-

1051 1967 1176 1992 rorem
1210 1957 1246 1992 in
1280 1956 1405 1992 lucem
1441 1956 1603 2004 protulit
1622 1957 1733 1994 Isaac
1767 1957 1993 2006 Peyrerius,

1051 2010 1115 2057 qui
1137 2008 1375 2057 Burdigalae
1395 2009 1434 2045 in
1457 2009 1584 2046 Gallia
1613 2022 1674 2047 an.
1698 2010 1797 2048 1594
1818 2012 1992 2059 parenti-

1052 2063 1122 2100 bus
1150 2062 1365 2100 calvinistis
1387 2065 1502 2099 natus
1516 2092 1524 2107 ,
1555 2075 1615 2100 an.
1639 2063 1740 2101 1655
1760 2064 1854 2101 duos
1874 2065 1991 2102 libros

1053 2116 1354 2165 edidit‚quorum
1371 2117 1475 2163 prior
1490 2120 1574 2153 erat
1589 2116 1806 2165 inscriptus:
1820 2118 1991 2155 «Praea-

1051 2170 1238 2216 damitae,
1265 2170 1347 2206 sive
1368 2170 1665 2207 exercitationes
1686 2182 1801 2218 super
1822 2182 1920 2208 vers.
1946 2171 1993 2208 12

1058 2223 1103 2259 13
1124 2227 1162 2259 et
1184 2223 1231 2260 14
1253 2235 1336 2271 cap.
1353 2223 1387 2259 V
1404 2223 1524 2270 Epist.
1541 2224 1588 2260 ad
1605 2224 1802 2261 Romanos
1820 2223 1858 2270 '»;
1879 2224 1990 2261 alter:

1053 2288 1075 2314 «
1090 2276 1271 2325 Systema
1286 2276 1545 2324 theologicum
1561 2289 1607 2313 ex
1628 2277 1990 2314 Praeadamitarum

1051 2330 1260 2378 hypothesi
1281 2333 1554 2367 exornatum».
1569 2330 1610 2366 In
1628 2330 1684 2368 his
1700 2330 1807 2368 libris
1828 2332 1990 2368 conten-

1052 2384 1168 2420 debat
1189 2383 1413 2432 PeyreriUS,
1434 2383 1624 2420 Adamum
1643 2395 1717 2420 non
1732 2395 1815 2421 esse
1833 2383 1990 2420 univer-

1052 2448 1181 2474 sorum
1204 2437 1407 2473 hominum
1423 2466 1431 2482 ,
1468 2437 1533 2473 sed
1569 2439 1718 2474 tantum
1754 2437 1989 2473 Iudaeorum

1054 2491 1254 2538 parentem
1273 2520 1281 2535 ,
1303 2492 1343 2526 et
1363 2492 1455 2527 ante
1477 2501 1564 2526 eum
1599 2490 1693 2527 alios
1721 2490 1895 2527 extitisse
1916 2490 1990 2526 ho-

1055 2544 1188 2588 mines,
1209 2556 1230 2580 a
1252 2543 1332 2580 Deo
1355 2543 1527 2580 conditos
1542 2573 1550 2587 ,
1584 2554 1677 2590 quos
1698 2555 1821 2591 neque
1851 2543 1991 2580 Adami

1056 2597 1342 2644 praevaricatio
1365 2596 1606 2644 perdidisset,
1629 2608 1750 2643 neque
1772 2596 1990 2633 universale

1055 2650 1243 2687 diluvium
1279 2649 1495 2687 delevisset.
1531 2649 1755 2686 Absurdum
1790 2662 1991 2686 commen-

1052 2708 1133 2740 tum
1155 2715 1176 2740 a
1200 2703 1423 2741 Calvinis‘tis
1440 2714 1559 2750 aeque
1577 2713 1621 2738 ac
1637 2702 1835 2740 catholicis
1854 2714 1989 2751 repro-

1056 2757 1188 2793 batum
1213 2764 1282 2794 est.
1306 2756 1404 2793 Illud
1430 2757 1500 2792 hoc
1530 2756 1609 2802 ipso
1643 2758 1816 2804 tempore
1849 2757 1991 2804 scripto

1053 2810 1274 2847 confutavit
1309 2822 1328 2845 e
1363 2808 1562 2846 catholicis
1597 2808 1734 2856 Philip.
1769 2810 1992 2846 Le-Prieur

1055 2875 1121 2900 seu
1145 2859 1355 2900 Priorius²
1371 2892 1380 2906 ,
1414 2874 1434 2898 e
1468 2861 1681 2899 lutheranis
1706 2862 1992 2900 1.C.Danha-

1051 2928 1135 2954 wer
1157 2915 1182 2954 3.
1193 2915 1418 2989 Peyrerius
1452 2915 1488 2950 in
1518 2914 1651 2963 Belgio
1684 2916 1923 2965 interceptus
1952 2918 1992 2954 et

1090 2989 1216 3054 ΙΝιιῖιιΙ.
1244 3019 1389 3050 Alexand.
1407 3017 1528 3049 [ustor.
1544 3018 1651 3050 eccles.
1675 3020 1828 3059 Supplem.
1849 3023 1926 3059 part.
1951 3021 1989 3052 II.

1088 3061 1413 3096 2Αηιίηαιίι·.ἰτ3νς·ι()ηιεκ·
1431 3061 1462 3089 iu,
1477 3059 1900 3092 Ιώ]τιηιΡιαθαιίαηιιΙαναηὶ
1918 3063 1988 3101 (sub

1053 3108 1175 3137 nomine
1194 3102 1316 3134 Eusebii
1334 3103 1354 3132 li
1360 3102 1474 3138 omani)
1489 3103 1582 3131 Paris.
1602 3102 1693 3141 1656,
1709 3104 1755 3132 in-
1760 3104 1805 3134 80.

1090 3148 1103 3170 3
1121 3148 1144 3178 Ι
1148 3144 1348 3176 ναεαιίαηιῐια
1369 3142 1444 3178 Utis,
1461 3142 1526 3173 site
1540 3143 1665 3174 Fabula
1679 3145 1866 3184 primorum
1883 3145 1987 3178 homi-

1046 3198 1125 3221 num
1141 3189 1216 3219 ante
1239 3183 1399 3216 Adamu'm
1422 3184 1626 3216 conditorum
1640 3185 1783 3226 emplosa.
