2241 3473
575 183 702 215 VSQVE
730 184 782 211 AD
811 184 1007 212 EXCIDIVM
1036 183 1198 212 IMPERII
1227 185 1509 213 OCCIDENTALIS

77 251 256 299 factaque
283 249 492 295 seditione,
512 250 683 288 Felicem
708 249 872 288 ecclesia
893 261 1020 298 expu-

75 304 122 342 lit
145 302 168 342 ¹.
193 303 261 341 His
289 303 414 340 flexus
442 303 689 341 Constantius
727 305 819 341 le'eet
845 303 1020 346 invitus,

78 356 204 405 inquit
224 357 418 401 Socrates,
438 356 593 394 Liberio
615 358 684 405 Pp.
702 355 887 394 redeundi
908 355 945 391 in
965 367 1022 391 ur-

74 410 161 447 bem
178 413 407 458 potestatem
424 409 523 446 fecit.
542 410 756 458 Imperator
775 413 937 446 conatus
953 408 1019 445 Fe-

73 462 186 501 licem
203 463 357 500 Liberio
378 463 415 499 in
438 462 665 511 pontificatu
681 461 871 510 collegam
889 461 1020 499 adiun-

74 527 179 565 gere,
197 516 326 565 populi
347 516 582 553 clamoribus
602 516 650 552 ab
671 515 743 552 hoc
769 514 928 551 consilio
948 515 1018 551 de-

73 570 209 606 sistere
228 572 382 606 coactus
402 571 471 607 est.
493 568 672 605 Libe-rius
692 579 754 605 an.
775 567 852 604 358
880 568 918 604 in
949 579 1017 604 ur-

73 622 162 660 bem
182 623 318 667 redux,
338 634 488 659 summa
507 632 595 658 cum
616 620 767 658 laetitia
787 632 810 657 a
831 620 1018 657 Romanis

73 677 257 723 exceptus
277 679 349 721 θείς
370 675 481 712 Felix
503 685 592 711 vero
612 674 809 720 recedens,
832 674 879 711 ad
899 673 1016 710 aliam

72 729 207 766 urbem
228 740 268 766 se
287 728 447 765 contulit
467 727 492 765 ².

123 782 197 819 Hic
212 793 323 831 porro
339 780 481 818 Liberii
497 781 570 818 sub
582 780 810 818 Constantio
828 779 864 816 in
880 779 1015 816 urbem

73 835 219 873 reditus
248 833 431 882 antiquae
459 834 506 871 de
538 833 738 872 Pontificis
769 833 884 870 huius
904 832 1013 881 lapsu

10 902 14 905 ·
72 889 254 937 querelae
296 887 533 924 occasionem
569 887 685 924 dedit.
720 885 945 923 Blondellus
979 883 1014 930 ³,

72 940 290 990 Basnagius
309 940 337 986 ⁴,
358 941 403 977 de
421 941 557 978 Potter
572 939 598 985 ⁵,
615 940 753 988 aliique
769 938 1014 987 Apostolicae

71 994 180 1032 Sedis
195 993 353 1038 inimici,
370 993 515 1038 dicunt,
527 993 726 1030 Liberium
748 992 866 1030 fuisse
882 1004 904 1029 a
920 992 1014 1029 Con-

70 1047 217 1085 stantio
247 1047 473 1084 restitutum
487 1076 496 1091 ,
517 1047 615 1094 quod
649 1045 756 1082 exilii
780 1045 909 1082 taedio
931 1044 1014 1082 fra-

71 1106 156 1138 ctus
170 1130 179 1146 ,
199 1100 474 1149 subscripserit
493 1099 682 1136 formulae
703 1098 905 1136 Sirmiensi
926 1096 1012 1144 Hae,

70 1166 170 1202 quae
196 1154 370 1190 arianam
391 1153 582 1190 haeresim
600 1152 806 1189 manifeste
823 1151 1011 1189 tradebat.

70 1206 255 1252 Bossuet,
277 1219 343 1245 seu
374 1209 510 1243 auctor
528 1206 789 1254 Defensiom's
814 1206 1013 1243 Declara-

73 1262 195 1298 tz'onz's
219 1260 463 1297 Gallicanae
477 1257 504 1305 ⁶,
521 1259 624 1296 card.
655 1259 710 1295 De
739 1258 777 1295 la
796 1259 970 1296 Luzerne
986 1255 1012 1304 ⁷,

71 1313 214 1362 aliique
234 1314 323 1350 RR.
340 1312 574 1350 Pontificum
593 1311 859 1349 infallibilitati
879 1312 1014 1348 adver-

69 1372 211 1412 santes,
223 1366 366 1403 Liberii
378 1366 528 1414 lapsum
539 1365 745 1410 extollunt,
761 1365 1013 1402 contendunt—

69 1431 156 1468 que,
174 1420 284 1457 illum
304 1419 454 1468 primae
474 1418 678 1456 Sirmiensi
700 1417 889 1455 formulae
918 1418 1010 1455 sub-

69 1473 267 1522 scripsisse
288 1475 327 1510 et
348 1473 386 1509 in
408 1472 601 1509 haeresim
622 1471 799 1509 arianam
816 1471 1008 1508 incidisse.

72 1527 115 1563 D.
136 1526 322 1564 Constant
338 1523 367 1572 ⁸,
387 1524 540 1563 Natalis
565 1525 790 1562 Alexander
808 1523 835 1570 ⁹,
855 1524 1010 1573 plures-

69 1590 145 1627 que
164 1579 243 1626 alii,
260 1579 456 1616 Liberium
473 1578 628 1626 quidem
643 1578 691 1615 ab
707 1579 842 1615 ariana
857 1577 1010 1614 haeresi

69 1632 281 1677 vindicant,
301 1633 368 1670 sed
388 1644 437 1669 ex
455 1631 510 1669 eis
529 1643 627 1680 quae
648 1632 749 1679 apud
769 1643 817 1668 ss.
839 1631 1012 1669 Athana-

70 1685 168 1723 sium
192 1685 234 1731 ¹⁰,
255 1685 449 1723 Hilarium
463 1683 504 1732 ¹¹,
534 1687 651 1733 atque
670 1685 953 1733 Hieronymum
971 1681 1010 1730 ¹²,

69 1739 116 1776 de
137 1739 283 1776 Liberii
302 1739 411 1788 lapsu
431 1740 470 1775 et
489 1738 768 1786 subscriptione
800 1738 986 1786 leguntur
999 1766 1008 1783 ,

70 1792 300 1829 Pontificem
322 1793 422 1829 hunc
442 1791 744 1841 reprehendunt,
764 1791 864 1840 quod
881 1791 1009 1827 Atha-

69 1846 167 1882 nasii
184 1845 421 1882 damnationi
436 1847 475 1882 et
491 1844 638 1894 primae
652 1844 855 1881 Sirmiensi
870 1843 1011 1881 formu-

67 1898 128 1936 lae
143 1898 425 1947 subscripserit,
442 1900 482 1935 et
501 1897 807 1934 communionem
827 1909 916 1934 cum
933 1897 1010 1934 Eu-

67 1951 233 1989 sebianis
252 1951 395 1989 inierit.
413 1952 455 1989 P.
473 1951 668 1999 Corgneus
681 1949 725 1996 ¹³,
742 1951 846 1988 card.
864 1950 950 1988 Orsi
968 1947 1010 1996 ¹4,

68 2006 112 2043 P.
133 2005 367 2042 Ballerinius
384 2003 425 2050 ¹⁵,
445 2004 473 2042 Ι.
493 2003 716 2051 Stiltingius
733 2002 772 2050 ¹⁵,
793 2003 836 2041 F.
858 2005 903 2041 A.
922 2003 1011 2040 Zac-

67 2058 174 2096 caria
195 2056 238 2105 ¹⁷,
257 2058 456 2095 Liberium
472 2057 519 2094 ab
531 2057 735 2094 Athanasii
752 2057 1009 2101 damnatione,

67 2123 91 2149 a
111 2112 375 2149 communione
395 2123 482 2148 cum
503 2110 755 2156 Eusebianis,
783 2112 822 2147 et
842 2111 889 2147 ab
905 2109 1009 2146 omni

66 2165 336 2202 Sirmiensium
356 2164 612 2201 formularum
635 2163 913 2211 subscriptione
930 2163 1011 2200 vin-

67 2218 220 2265 dicant,
241 2218 554 2265 contenduntquc
571 2216 769 2254 Pontificis
790 2216 906 2254 huius
921 2217 1008 2265 lap-

66 2283 150 2309 sum
179 2283 263 2309 esse
284 2283 436 2308 merum
456 2270 679 2307 arianorum
694 2273 968 2316 commentum,
987 2281 1011 2306 a

67 2324 274 2362 Catholicis
303 2324 533 2373 quibusdam
561 2324 754 2362 creditum
768 2353 776 2369 ‚
796 2324 844 2361 ab
864 2323 949 2361 aliis
969 2322 1008 2359 in

106 2455 117 2477 ¹
135 2456 252 2517 Sperat..
267 2455 288 2487 l.
302 2455 340 2493 ΙΙ,
357 2465 382 2486 c.
399 2455 454 2494 37;
470 2455 584 2495 Sulpic.
602 2456 704 2487 Sever.
722 2454 813 2486 Hist.
831 2465 920 2487 sacr.
937 2455 955 2486 l.
973 2455 1010 2493 II,

66 2505 95 2536 p*
108 2496 504 2585 ἑῖὶῗξέοιξᾷῗῗῑὸἶέοῐηεῃῚ
520 2541 550 2570 et
565 2538 755 2577 Theodora„
772 2538 790 2569 l.
808 2548 834 2570 c.

106 2579 120 2601 3
136 2580 184 2610 De
194 2585 358 2619 primatu
373 2580 502 2620 Papae.

107 2622 120 2643 ·¹
139 2621 187 2651 De
215 2631 334 2652 eversa
360 2621 531 2653 Ecclesiae
560 2621 717 2661 unitate,
744 2620 955 2652 visibilitate
980 2626 1010 2651 et

68 2662 288 2693 auctoritate.
404 2689 414 2700 ,

108 2705 123 2727 5
142 2703 294 2744 L'esprit
309 2704 348 2734 de
363 2703 508 2743 l’Eylise,
524 2707 544 2736 t.
560 2705 584 2742 I,
601 2714 625 2735 c.
644 2704 691 2736 10.

110 2745 124 2767 ⁶
142 2746 220 2776 rari.
237 2745 276 2783 II,
294 2745 312 2775 Ι.
332 2745 379 2783 14,
397 2756 420 2776 c.
439 2744 487 2776 35.

69 2786 123 2856 F'l
139 2786 208 2817 Sur
223 2787 258 2818 la
274 2786 498 2818 Declaratz'on
511 2788 551 2818 dc
563 2786 769 2818 l'assemble'e
781 2786 828 2818 da
844 2785 961 2827 Clerye'
971 2787 1011 2817 cle

97 2837 212 2858 rance.

106 2868 120 2891 8
135 2870 167 2900 In
185 2869 264 2900 notis
281 2869 318 2900 ad
337 2868 450 2909 Opera
465 2880 491 2899 s.
507 2869 617 2901 Hilar.

106 2910 121 2932 ⁰
136 2909 227 2940 Diss.
245 2910 282 2942 32
299 2911 338 2941 in
355 2921 442 2942 saec,
460 2911 512 2942 IV.

94 2949 123 2972 ¹⁰
137 2951 247 2991 Epist.
266 2953 312 2983 acl
326 2953 461 2984 solitar.

94 2989 117 3013 ¹¹
135 2992 307 3032 Fraqmen
316 3000 335 3024 t.

94 3031 123 3054 ¹²
137 3035 168 3065 ln
188 3035 320 3072 Clu-on„
337 3039 365 3066 et
382 3035 410 3065 in
431 3033 535 3066 Catal.

95 3073 123 3095 ¹3
139 3076 230 3108 Dies.
246 3076 324 3106 crit.
343 3082 374 3106 et
389 3076 466 3106 hist.
484 3085 549 3106 sur
564 3075 594 3105 le
603 3084 695 3115 pape
711 3075 842 3106 Libere.

96 3114 121 3137 ¹⁴
139 3117 255 3148 storia
270 3118 342 3148 eccl.
361 3122 380 3148 t.
398 3118 442 3155 VI,
460 3118 476 3147 Ι.
496 3117 569 3153 XIV,
588 3126 615 3146 n.
634 3117 680 3146 72'.

94 3154 122 3178 ¹⁵
138 3157 180 3189 De
195 3159 227 3189 υἱ
244 3167 280 3190 ac
296 3159 430 3189 ratione
439 3158 625 3198 primatus
636 3158 700 3188 HR
715 3156 837 3196 Pontis.
853 3157 930 3195 c.15‚
946 3156 961 3198 β,
977 3157 1004 3188 8-

95 3195 123 3219 ¹⁶
141 3198 322 3231 Commeat.
333 3199 454 3231 himin
470 3199 560 3230 Actis
575 3198 628 3230 SS.
644 3199 707 3229 t.Vl
722 3202 797 3238 sept.
810 3199 848 3229 ad
863 3199 942 3230 diem
955 3198 1004 3230 23>

96 3236 123 3260 ¹⁷
140 3240 228 3272 Diss.
247 3241 287 3273 de
302 3241 540 3273 commentitio
556 3239 690 3272 Liberii
705 3239 815 3280 lapsu.

1867 175 1939 214 101

1064 250 1221 288 dubium
1248 255 1441 298 vocatum,
1461 251 1508 289 ab
1529 250 1614 289 aliis
1635 250 1836 289 reiectum.
1856 251 2006 289 Horum

1064 304 1305 341 eruditorum
1335 306 1507 342 virorum
1535 306 1788 353 argumenta,
1817 316 1918 353 quae
1947 305 2008 342 hic

1064 356 1214 394 adferre
1237 370 1309 394 non
1331 370 1543 406 possumus,
1564 359 1630 395 sed
1650 357 1688 394 in
1709 357 1886 395 indicatis
1903 357 2007 395 infra

1064 408 1157 446 locis
1178 410 1310 447 videre
1331 414 1403 457 est,
1424 414 1505 448 tam
1528 412 1666 460 gravia
1687 412 1791 456 sunt,
1814 413 1858 447 ut
1878 410 1910 447 si
1931 423 2006 448 non

1063 465 1233 509 certam,
1253 463 1365 500 valde
1399 464 1539 501 saltem
1571 464 1813 513 probabilem
1844 463 2008 501 reddant

1063 514 1206 552 Liberii
1245 516 1519 554 innocentiam.
1561 518 1602 554 Id
1638 517 1884 565 exploratum
1924 519 2004 562 est,

1061 567 1161 604 hunc
1182 568 1408 606 Pontificem
1428 569 1466 606 in
1498 570 1673 608 arianam
1703 569 1898 608 haeresim
1927 581 2002 607 non

1061 619 1238 659 incidisse
1265 619 1289 659 ¹.

1113 674 1174 711 31.
1202 674 1432 712 Concilium
1454 676 1717 714 Arz‘mz'nense
1736 681 1773 713 et
1794 675 2004 714 Seleucia-

1061 737 1163 764 nzcm
1183 726 1270 777 (an.
1292 728 1539 777 359)—Cum
1561 732 1693 766 autom
1710 729 1947 767 Arianorum
1967 729 2004 766 in

1060 780 1263 818 condendis
1277 784 1316 817 et
1328 781 1582 819 immutandis
1594 782 1683 819 fidei
1695 782 1870 819 formulis
1881 782 2007 819 incon-

1058 833 1202 870 stantia
1219 834 1316 870 bene
1335 836 1549 878 uterentur,
1570 835 1808 872 orthodoxae
1824 835 1914 872 fidei
1935 836 2005 873 de-

1059 885 1232 924 fensores
1261 887 1308 924 ad
1340 887 1623 936 explodendam
1652 899 1785 925 eorum
1814 889 2005 925 haeresim

1059 942 1174 987 atque
1183 940 1571 988 perfidiam,cumque
1581 941 1758 978 diversae
1767 941 2004 978 Arianorum

1058 991 1243 1031 factiones
1271 993 1572 1031 dissensionibus
1593 994 1815 1031 domesticis
1836 994 2006 1032 mutuis—

1058 1057 1129 1094 que
1149 1046 1617 1085 excommunicationibus
1637 1047 1740 1084 inter
1769 1059 1810 1084 se
1839 1047 2004 1085 dimica-

1057 1101 1154 1144 rent,
1164 1102 1202 1136 et
1215 1101 1339 1137 totum
1357 1099 1561 1148 imperium
1577 1099 1744 1138 dissidiis
1760 1111 1804 1136 ac
1817 1100 2003 1149 discepta-

1056 1151 1222 1190 tionibus
1252 1153 1470 1191 Catholicos
1508 1153 1612 1191 inter
1648 1155 1687 1191 et
1719 1152 1874 1190 arianos
1893 1183 1902 1199 ,
1935 1154 2006 1191 ho-

1056 1217 1218 1254 rumque
1246 1206 1422 1243 diversas
1442 1207 1569 1244 sectas
1596 1207 1773 1252 arderet3
1813 1207 2006 1244 Constan-

1056 1258 1133 1296 tius
1148 1260 1362 1308 imperator
1372 1259 1421 1297 ad
1431 1260 1694 1308 componenda
1710 1259 1866 1297 dissidia
1882 1262 1921 1296 et
1931 1263 2006 1297 sta·

1054 1312 1262 1350 biliendam
1275 1313 1415 1361 ubique
1427 1313 1642 1350 doctrinam
1659 1312 2004 1360 Semiarianorum,

1055 1377 1114 1402 an.
1136 1366 1213 1403 359
1234 1366 1430 1415 episcopos
1451 1366 1708 1404 occidentales
1728 1365 1947 1403 Ariminum
1966 1367 2004 1403 in

1054 1419 1232 1465 AEmilia,
1245 1419 1455 1457 orientales
1463 1419 1679 1457 Seleuciam
1695 1420 1734 1456 in
1751 1419 1905 1457 Isauria
1917 1431 2006 1456 con-

1055 1472 1184 1509 venire
1204 1472 1329 1510 iussit.
1359 1473 1637 1511 Convenerunt
1665 1472 1887 1510 Ariminum
1918 1473 2003 1522 epi-

1054 1526 1158 1574 scopi
1180 1526 1271 1572 400,
1290 1526 1394 1563 inter
1415 1538 1524 1574 quos,
1543 1526 1706 1574 Sulpicii
1727 1526 1866 1563 Severi
1895 1537 2003 1563 com-

1055 1578 1264 1627 putatione,
1285 1582 1398 1617 erant
1414 1579 1464 1616 80
1481 1579 1604 1617 ariani
1621 1579 1647 1618 ².
1666 1580 1709 1617 In
1729 1579 1862 1628 primis
1879 1579 2004 1616 ariani

1053 1632 1322 1680 postularunt,
1345 1636 1389 1669 ut
1406 1633 1604 1681 abrogatis
1625 1632 1779 1670 cunctis
1799 1632 1890 1670 fidei
1920 1632 2003 1670 for—

1053 1685 1166 1723 mulis
1186 1688 1278 1723 ante
1297 1686 1422 1732 editis,
1449 1687 1688 1723 retineretur
1711 1685 1881 1724 formula
1911 1686 1999 1723 Sir-

1054 1738 1208 1776 miensis
1222 1740 1290 1785 III,
1306 1740 1354 1777 ab
1370 1739 1607 1788 imperatore
1624 1739 1853 1777 Constantio
1867 1751 2003 1788 appro-

1054 1792 1155 1837 bata,
1175 1792 1213 1829 in
1234 1804 1312 1841 qua
1331 1792 1454 1831 Filius
1476 1792 1586 1830 Patri
1609 1805 1674 1842 per
1706 1792 1836 1830 omnia
1865 1793 2003 1830 similis

1053 1845 1267 1883 dicebatur.
1288 1845 1437 1883 Verum
1452 1858 1539 1883 cum
1556 1846 1595 1882 in
1610 1846 1684 1883 hac
1699 1845 1866 1883 formula
1881 1858 1999 1883 voces

1054 1899 1287 1936 substantia
1317 1902 1357 1936 et
1383 1900 1748 1936 consubstantialis
1768 1900 1896 1936 essent
1915 1911 2002 1948 sup-

1053 1952 1403 2001 pressae,episcopi
1420 1951 1601 1990 catholici
1620 1951 1726 1988 illam
1743 1952 1917 2000 recipere
1938 1964 2001 1989 no-

1053 2005 1299 2051 luerunt3sed
1310 2005 1528 2043 Nicaenum
1538 2004 1628 2042 fidei
1637 2005 1853 2054 symbolum
1867 2005 2001 2045 confir-

1053 2062 1216 2104 mantes,
1237 2058 1413 2096 arianam
1443 2058 1634 2096 haeresim
1649 2087 1658 2103 ,
1679 2059 1837 2106 eiusque
1871 2061 2000 2097 secta-

1053 2115 1154 2149 tores
1175 2112 1317 2149 iterum
1337 2113 1587 2150 damnarunt.
1608 2111 1679 2149 His
1707 2111 1895 2150 absolutis
1908 2141 1918 2159 ,
1948 2113 1999 2150 ad

1053 2165 1329 2214 imperatorem
1349 2165 1498 2214 legatos
1520 2165 1721 2211 miserunt,
1743 2164 1809 2212 qui
1825 2165 1859 2202 ei
1877 2177 1940 2202 res
1958 2166 1999 2202 in

1054 2219 1214 2255 concilio
1230 2222 1361 2268 gestas
1379 2218 1664 2265 renunciarent,
1678 2220 1717 2255 et
1728 2217 1798 2255 sibi
1810 2218 2001 2256 redeundi

1054 2272 1102 2309 ad
1123 2272 1306 2310 ecclesias
1326 2284 1418 2310 suas
1439 2274 1671 2322 potestatem
1691 2272 1739 2309 ab
1763 2272 1898 2309 eodem
1926 2284 1998 2322 pe-

1054 2327 1198 2363 terent.

1105 2379 1342 2428 Legatorum
1362 2381 1493 2417 tamen
1515 2378 1617 2427 apud
1632 2377 1905 2415 Constantium
1927 2379 1999 2416 ad-

1054 2436 1212 2469 ventum
1241 2437 1530 2481 praevenerunt
1559 2431 1758 2477 Ursacius‚
1788 2431 1932 2468 Valens
1960 2433 2001 2469 et

1054 2485 1121 2522 alii
1138 2486 1453 2534 ariani,quorum
1473 2484 1632 2523 consilio
1652 2485 1864 2532 imperator
1884 2485 2000 2533 lega-

1054 2541 1112 2576 tos
1139 2538 1299 2585 abiecit,
1321 2541 1360 2576 et
1379 2540 1573 2588 episcopos
1599 2537 1808 2575 catholicos
1830 2537 1996 2575 Arimini

1054 2592 1218 2629 detineri
1246 2592 1367 2630 iussit.
1399 2593 1556 2630 Interea
1583 2590 1707 2627 ariani
1736 2592 1821 2627 tum
1848 2590 1993 2628 vitum

1054 2644 1188 2682 fraude
1201 2645 1482 2683 catholicorum
1498 2644 1719 2682 antistitum
1739 2644 1997 2681 constantiam

1052 2700 1268 2744 tentarunt,
1299 2701 1340 2736 ut
1367 2701 1518 2736 mutata
1545 2696 1752 2741 sententia,
1773 2696 1876 2733 vocis
1895 2698 1995 2734 sub-

1053 2753 1232 2789 stantiae
1243 2750 1574 2800 praetermissioni
1587 2749 1833 2786 assentirent.
1843 2749 1886 2786 In
1896 2750 1996 2788 hunc

1054 2804 1169 2842 finem
1199 2804 1406 2842 contestati
1420 2805 1535 2849 sunt,
1564 2814 1604 2840 se
1625 2814 1699 2839 non
1721 2813 1805 2839 esse
1826 2802 1993 2850 arianos,

1054 2861 1209 2905 contra,
1239 2859 1287 2896 ab
1315 2859 1450 2895 horum
1481 2855 1732 2903 blasphemiis
1762 2855 1995 2905 abhorrere3

1054 2911 1188 2949 Fidem
1208 2911 1246 2948 in
1268 2915 1354 2948 tuto
1371 2922 1453 2947 esse
1467 2909 1633 2957 positam
1650 2909 1795 2956 absque
1810 2909 1995 2948 substan-

1055 2967 1136 3002 tiae
1155 2964 1354 3009 vocabulo,
1366 2962 1458 3000 satis
1478 2973 1561 2999 esse
1577 2961 1683 2998 illam
1701 2961 1877 3010 profiteri
1896 2962 1997 3000 Scri-

1054 3020 1188 3067 pturae
1216 3017 1253 3054 S.
1275 3016 1424 3062 verbis3
1453 3026 1588 3052 vocem
1607 3014 1719 3053 istam
1739 3014 1992 3053 ecclesiarum

1091 3159 1101 3180 ¹
1120 3159 1156 3189 Cf
1168 3157 1265 3188 Natal.
1288 3157 1381 3193 Alex.,
1397 3156 1553 3194 eoustant,
1573 3155 1591 3186 l.
1609 3165 1650 3194 c.;
1665 3155 1688 3187 Ι.
1705 3155 1736 3187 B.
1750 3155 1866 3195 Palma,
1879 3155 1987 3187 Prae-

1052 3201 1124 3232 lect.
1141 3199 1230 3229 Hist.
1248 3198 1322 3228 eccl.
1336 3200 1356 3229 t.
1374 3198 1394 3232 l,
1410 3206 1438 3236 p.
1457 3197 1490 3237 ΙΙ,
1503 3207 1528 3229 c.
1548 3196 1658 3236 11,1⁶.>.

1090 3241 1105 3263 2
1120 3241 1210 3272 Hist.
1226 3249 1313 3271 sacr.
1330 3239 1349 3270 l.
1365 3238 1405 3277 11,
1421 3248 1449 3278 p.
1465 3238 1536 3270 421.
