2241 3473
448 129 586 158 VSQVE
609 131 661 157 AD
683 130 897 159 PVBLICAM
919 131 1066 159 RERVM
1087 133 1128 159 IN
1151 132 1319 160 GALLIIS
1338 134 1660 163 SVBVERSIONEM

1896 121 1975 161 299

82 200 224 244 genter
236 196 394 233 fuerunt
408 195 678 242 discussae‚et
696 202 780 247 post
797 198 931 234 audita
947 198 1028 246 pIu—
1077 210 1174 247 qnae
1203 204 1291 236 erat
1317 200 1527 237 Societatis
1553 199 1762 247 apologia,
1793 198 1927 235 edidit.
1954 199 2024 235 Cu-

81 250 181 286 rium
206 250 382 286 virorum
408 250 611 288 doctorum
648 253 812 289 consilia
829 281 837 296 ‚
862 253 908 288 45
934 264 954 289 e
981 253 1024 288 51

81 303 326 350 praesulibus
352 305 392 340 in
418 305 596 342 favorem
617 307 847 343 Iesuitarum
868 317 1026 353 respon-

1078 254 1135 288 ria
1171 265 1265 290 vero
1299 253 1533 290 Parisiensis
1566 253 1866 290 instructionem
1906 252 2020 288 istam

1078 319 1148 353 per
1176 307 1400 344 carnificem
1431 308 1600 344 cremari
1619 307 1744 350 iussit,
1767 312 1807 342 et
1824 306 1882 342 1x⁰
1898 306 2026 341 calen-

78 356 242 400 derunt,
269 369 407 394 eorum
435 360 674 396 Societatem
708 365 751 396 ut
783 361 918 396 utilem
947 360 1025 394 imo
1075 361 1143 397 das
1172 361 1302 397 martii
1321 362 1409 397 1764
1429 362 1758 409 praescripsit,ut
1776 360 1942 397 Iesuitae
1957 358 2019 394 vel

78 412 345 447 necessariam
375 413 610 457 laudarunt,
635 419 674 450 et
701 414 749 450 ab
780 414 1026 449 adversario-

75 473 161 498 rum
187 464 362 501 dicteriis
380 466 639 503 vindicarunt.
657 468 771 503 Solus
788 466 1026 502 de-Fitz-Ja-

76 526 172 558 mes,
200 519 409 565 episcopus
436 520 742 564 Suessionensis‚
762 520 1024 556 iansenisticis

75 571 252 617 partibus
266 572 456 616 addictus,
472 585 608 610 eorum
623 574 942 621 suppressionem
959 583 1023 620 po—

73 624 246 662 stulavit.
280 627 503 665 Cardinalis
528 628 798 671 de-Choiseul,
831 626 1022 673 archiepi-

73 688 215 725 scopus
241 680 493 725 Vesuntinus,
526 693 615 718 cum
641 682 664 717 4
693 681 887 728 episcopis
912 680 1019 721 dixit,

76 731 308 770 Iesuitarum
337 735 561 771 Institutum
587 739 625 771 in
651 736 778 771 Gallia
810 746 897 771 esse
933 744 1021 769 con-

72 787 402 832 servandum‚sed
421 789 458 824 in
469 789 695 836 quibusdam
709 787 1016 825 reformandum.

73 838 159 876 Rex
184 852 320 878 mense
339 843 483 878 ‘martio
505 843 595 879 1762
612 843 782 880 edictum
809 842 929 884 dedit,
945 851 1019 887 quo

75 894 289 930 secundum
316 897 579 943 posteriorum
611 896 837 943 praesulum
864 900 1020 931 senten-

73 945 169 982 tiam
197 948 431 986 Iesuitarum
460 951 679 986 Institutum
707 950 744 984 in
777 949 905 985 Gallia
931 959 1020 983 con-

70 1002 305 1038 servabatur
322 1031 330 1047 ,
369 1003 511 1039 additis
556 1002 782 1050 quibusdam
824 1006 1018 1049 tempera—

72 1055 216 1091 mentis
241 1056 367 1103 quoad
395 1056 535 1104 agendi
573 1057 767 1093 rationem
795 1059 835 1092 et
861 1054 1018 1102 regimi-

67 1107 127 1144 nis
152 1108 334 1146 formam.
363 1111 514 1147 Verum
541 1111 652 1147 curia
680 1110 928 1152 Parisiensis,
955 1108 1020 1144 de-

66 1163 324 1200 structionem
352 1165 563 1200 Societatis
582 1168 786 1212 expetens,
805 1164 912 1209 regis
939 1162 1019 1198 edi-

67 1218 174 1251 ctum
202 1217 383 1265 recipere
409 1218 553 1262 noluit;
579 1223 619 1254 et
645 1218 726 1265 ipse
759 1228 830 1253 rex
855 1216 1016 1252 consilio

65 1267 172 1305 ducis
190 1270 438 1308 de-Choiseul
457 1271 551 1307 illud
566 1272 677 1308 brevi
695 1276 781 1318 post
800 1270 1012 1307 revocavit.

111 1322 269 1360 Interim
298 1325 432 1369 libelli,
458 1326 664 1361 calumniis
687 1325 726 1360 in
754 1325 918 1361 Iesuitas
937 1324 1016 1370 ple-

64 1375 228 1422 nissimi,
256 1379 534 1425 vulgabantur.
562 1379 744 1417 Calendis
764 1379 898 1426 aprilis
927 1377 1017 1414 1762

64 1431 175 1467 curia
200 1431 436 1470 Parisiensis
461 1433 653 1477 decrevit,
674 1437 715 1469 ut
740 1433 872 1469 omnia
898 1432 1014 1468 Iesui-

65 1486 196 1530 tarum
223 1486 390 1533 collegia
415 1486 709 1524 clauderentur.
737 1487 876 1523 Clerus
894 1485 1014 1521 Galli-

64 1547 199 1583 canus,
218 1550 353 1577 mense
373 1541 476 1576 maio
493 1540 655 1577 Parisiis
674 1541 712 1576 in
733 1540 904 1576 comitiis
922 1550 1012 1574 con-

62 1597 266 1639 gregatus,
296 1596 382 1641 regi
408 1595 522 1631 enixe
549 1595 784 1642 supplicavit
808 1605 877 1640 pro
897 1593 1012 1629 Iesui-

62 1648 192 1681 tarum
220 1647 257 1682 in
283 1647 412 1684 Gallia
435 1649 746 1685 conservatione.
770 1649 810 1683 In
830 1646 1010 1684 eumdem

61 1697 179 1735 finem
200 1700 351 1737 litteras
370 1702 419 1738 ad
438 1714 574 1749 regem
590 1702 732 1738 iterato
751 1701 910 1748 scripsit
927 1701 1013 1738 Cle-

61 1762 173 1789 mens
197 1753 270 1802 Pp.
299 1755 402 1791 XIII.
432 1757 583 1792 Verum
616 1757 728 1792 curia
759 1752 1010 1797 Parisiensis,

62 1807 308 1852 protectione
335 1808 443 1845 ducis
470 1809 717 1847 de-Choiseul
737 1810 854 1851 freta,
873 1807 1011 1855 postri-

60 1858 123 1895 die
149 1871 274 1898 nonas
293 1863 448 1910 augusti
471 1863 561 1899 1762
580 1863 781 1899 decretum
798 1862 919 1905 dedit,
936 1872 1008 1908 quo

63 1912 285 1951 Institutum
301 1916 552 1961 Iesuitarum‚
568 1929 640 1953 ceu
656 1917 729 1952 iuri
745 1915 1010 1959 naturali,Ec-

61 1967 206 2006 clesiae
233 1974 350 2018 atque
377 1971 549 2007 civitatis
575 1971 804 2007 auctoritati
831 1981 878 2006 ac
904 1970 1006 2005 bono

57 2020 289 2068 adversum,
316 2024 354 2059 in
380 2024 510 2061 Gallia
542 2025 754 2068 abolitum,
787 2024 956 2060 Iesuitae
984 2033 1008 2058 a

55 2075 156 2111 votis
180 2077 260 2113 suis
285 2077 418 2121 soluti,
431 2089 569 2114 eorum
589 2078 690 2114 bona
708 2077 924 2113 confiscata
942 2077 1007 2113 de-

57 2127 332 2175 clarabantur3
358 2131 583 2175 vetabatur,
611 2142 659 2167 ne
688 2142 940 2166 communem
967 2141 1008 2166 a-

57 2187 200 2227 gerent
212 2183 349 2228 vitam,
365 2184 540 2221 habitum
557 2185 768 2221 Societatis
783 2189 1004 2231 gestarent,

58 2236 216 2282 regulas
241 2238 514 2283 observarent,
541 2250 631 2275 cum
658 2238 859 2275 extraneis
888 2238 1006 2274 sociis

58 2291 410 2336 communicarent,
435 2293 591 2340 ulloque
609 2303 774 2328 munere
793 2292 1003 2339 fungeren-

57 2344 134 2386 tur,
162 2345 389 2391 priusquam
414 2346 503 2382 huic
529 2346 689 2383 decreto
717 2357 921 2382 assensum
950 2346 1007 2382 iu-

57 2396 469 2435 rassent-Parisiensis
484 2401 617 2437 curiae
631 2399 838 2436 audaciam
854 2400 1005 2447 plerae-

56 2458 129 2495 que
157 2450 420 2496 provinciales
445 2458 605 2490 secutae
631 2459 740 2499 sunt;
776 2453 846 2489 sed
871 2453 909 2488 in
943 2465 1004 2489 co-

56 2503 196 2539 mitatu
210 2503 479 2551 Burgundiae,
498 2508 535 2542 in
555 2508 722 2553 Alsatia,
742 2509 780 2544 in
800 2507 1001 2549 Flandria‚

54 2554 94 2591 in
121 2557 310 2594 comitatu
336 2559 589 2597 Atrebatensi
616 2566 656 2597 et
673 2562 712 2597 in
740 2561 1003 2608 Lotharingia

55 2609 149 2646 nihil
175 2621 199 2646 a
226 2612 344 2648 curiis
372 2617 510 2649 contra
535 2615 699 2652 Iesuitas
725 2626 915 2652 eorumve
943 2615 1003 2650 In-

54 2664 235 2700 stitutum
263 2669 453 2702 tentatum
482 2672 554 2704 est.

100 2717 231 2758 Quum
258 2719 314 2755 sic
348 2720 385 2755 in
417 2720 611 2769 plerisque
645 2723 858 2770 provinciis
885 2722 1001 2758 Iesui-

53 2772 119 2807 tae
148 2782 169 2807 e
195 2771 371 2809 domibus
403 2774 482 2810 suis
516 2776 758 2821 pellerentur
776 2805 784 2820 ‚
814 2777 1000 2813 Clemens

55 2823 127 2872 Pp.
153 2825 244 2861 XIII
272 2826 427 2863 litteras
453 2828 491 2862 in
519 2828 646 2865 forma
671 2830 811 2866 Brevis
829 2829 934 2866 dedit
952 2830 1000 2866 ad

53 2877 285 2916 Cardinales
311 2880 457 2924 Gallos,
485 2882 620 2928 quibus
644 2885 777 2919 omnia
794 2913 802 2927 ‚
831 2894 854 2919 a
880 2884 1000 2920 curiis

54 2936 195 2968 contra
221 2933 462 2970 Societatem
491 2935 575 2971 Iesu
594 2941 697 2979 acta,
715 2937 932 2973 declaravit
950 2937 999 2972 ir-

52 2984 142 3022 rita.
170 2985 354 3034 Plerique
380 2988 584 3035 praesules
610 2989 710 3025 Galli
737 2995 877 3026 contra
903 2991 998 3027 eius-

52 3037 141 3075 dem
188 3041 401 3077 Societatis
441 3042 770 3090 proscriptionem
807 3045 998 3081 reclama-

52 3096 169 3138 runt;
197 3105 294 3141 prae
312 3095 399 3131 aliis
419 3094 721 3140 de-Beaumont,
741 3097 998 3145 archiepisco-

52 3156 123 3192 pus
136 3145 387 3193 Parisiensis,
402 3150 444 3184 v⁰
455 3149 640 3186 calendas
654 3151 877 3187 novembris
892 3152 996 3197 1763,

52 3199 354 3240 celeberrimam
391 3204 696 3241 Instructionem
728 3206 994 3252 pastoralem,

1079 415 1303 451 Institutum
1338 415 1568 451 abiurarent
1601 416 1662 451 vol
1697 425 1819 462 regno
1854 413 2022 450 exirent.

1076 469 1178 505 Idem
1202 470 1545 516 praescripserunt
1569 470 1703 506 curiae
1722 469 1934 509 Tolosana‚
1952 467 2027 502 Ro-

1081 521 1348 569 tliomagensis
1374 527 1414 558 et
1441 522 1634 558 Palensis.
1671 522 1837 558 Iesuitae
1864 520 2022 557 einIum

1075 576 1348 622 praetulerunt
1381 576 1621 622 apostasiae.
1643 576 1783 612 Mense
1818 572 2024 610 novembri

1073 640 1142 664 rex
1169 629 1250 676 ipse
1278 630 1438 665 consilio
1456 629 1565 666 ducis
1583 629 1829 666 de-Choiseul
1849 627 2022 664 edictum

1070 681 1266 729 dedit,quo
1278 683 1454 719 Societas
1465 683 1696 720 Iesuitarum
1708 683 2025 730 supprimebatur,

1070 735 1201 782 eisque
1221 738 1258 771 in
1279 748 1401 784 regno
1420 738 1501 773 vita
1520 738 1674 785 privata
1693 738 1762 774 sub
1781 737 2024 784 inspectione

1071 788 1355 836 Episcoporum
1395 791 1697 828 concedebatur.
1727 792 1786 827 Ita
1811 790 2024 827 Societatis

1071 842 1156 878 Iesu
1182 844 1406 890 suppressio
1433 845 1471 879 in
1498 845 1625 881 Gallia
1651 848 1923 881 consummata
1948 846 2021 880 est.

1117 896 1298 933 Clemens
1327 897 1398 945 Pp.
1427 898 1535 939 XIII,
1570 898 1712 934 litteris
1739 898 2021 945 Episcoporum

1070 950 1248 987 omnibus
1276 951 1480 987 christiani
1501 951 1607 988 orbis
1635 952 1812 998 partibus
1829 951 1878 987 ad
1903 949 2025 986 vindi-

1071 1004 1237 1040 candam
1266 1006 1511 1042 Societatem
1531 1007 1630 1049 Iesu,
1650 1010 1690 1041 et
1707 1006 1831 1052 ipsam
1852 1005 2025 1051 Religio-

1069 1069 1173 1101 nem,
1194 1071 1292 1106 quae
1311 1060 1347 1095 in
1370 1060 1508 1096 eadem
1528 1060 1813 1107 impetebatur,
1836 1059 2021 1105 interpel—

1070 1111 1184 1155 latus,
1214 1114 1287 1148 1111ο
1313 1114 1397 1150 idus
1431 1114 1599 1150 ianuarii
1627 1114 1720 1150 1765
1754 1112 2022 1160 promulgavit

1070 1163 1211 1200 bullam
1229 1166 1511 1213 Apostolicum,
1528 1178 1603 1214 qua
1618 1166 1840 1202 Institutum
1857 1177 1887 1200 s.
1911 1167 2021 1212 Igna·

1069 1217 1111 1253 tii
1127 1218 1175 1254 ab
1192 1220 1514 1256 adversariorum
1531 1219 1738 1256 calumniis
1748 1219 1917 1255 alienum
1933 1229 2019 1265 pro-

1067 1273 1275 1317 nuntiavit,
1304 1273 1472 1321 illudque
1499 1275 1546 1311 de
1564 1286 1665 1310 novo
1691 1285 1740 1310 ex
1766 1278 1877 1309 certa
1895 1272 2018 1308 scien-

1066 1325 1121 1361 tia
1131 1331 1171 1362 et
1184 1329 1344 1375 proprio
1360 1333 1467 1364 motu
1484 1329 1743 1364 confirmavit.
1755 1328 1908 1363 Verum
1918 1326 2018 1362 Pon-

1067 1379 1183 1416 tificis
1211 1381 1315 1417 bulla
1340 1385 1423 1418 tum
1450 1393 1474 1418 a
1500 1383 1702 1418 Gallicano
1726 1386 1806 1417 turn
1825 1392 1848 1417 a
1868 1381 2017 1416 Lusita-

1066 1433 1151 1468 nico
1179 1435 1371 1481 gubernio
1398 1436 1551 1472 abiecta
1577 1436 1661 1471 fuit.

1115 1488 1315 1525 Abolitam
1343 1491 1418 1526 iam
1447 1490 1486 1525 in
1514 1490 1718 1526 Lusitania
1743 1492 1783 1526 et
1805 1488 1932 1524 Gallia
1950 1487 2019 1523 So-

1065 1542 1265 1586 cietatem,
1294 1544 1331 1579 in
1359 1545 1551 1592 Hispania
1577 1543 1858 1580 destruendam
1883 1542 2018 1578 effecit

1064 1607 1198 1633 comes
1211 1597 1673 1645 de-Aranda,primarius
1684 1597 1837 1635 Carolis
1849 1595 1955 1643 regis
1965 1595 2013 1632 111

1064 1650 1260 1687 minister.
1287 1652 1550 1689 Occasionem
1577 1653 1761 1700 praebuit
1787 1650 1926 1687 seditio
1951 1660 2017 1697 po-

1063 1704 1272 1749 pularis,M
1279 1706 1325 1741 ad
1332 1706 1394 1742 riti
1407 1705 1811 1744 excitata-Confestim
1823 1704 2016 1740 de-Aran-

1062 1756 1110 1791 da
1126 1758 1287 1795 Iesuitas
1301 1763 1488 1807 tanquam
1505 1760 1605 1796 illius
1621 1763 1806 1795 auctores
1816 1757 1863 1794 ad
1875 1768 2011 1804 regem

1061 1810 1615 1856 detulit;adcorroborandam
1628 1811 2012 1849 accusationemvul-
2066 1824 2067 1827 ¹

1062 1874 1181 1909 gares
1201 1870 1341 1903 contra
1358 1879 1425 1903 eos
1444 1868 1666 1904 calumniae
1686 1866 1882 1903 adhibitae
1902 1868 2014 1908 sunt;

1061 1918 1250 1965 epistolae
1283 1921 1403 1957 etiam
1437 1922 1508 1958 sub
1541 1932 1678 1957 eorum
1705 1920 1864 1956 nomine
1893 1917 2013 1954 confi-

1061 1976 1172 2016 ctae,
1208 1985 1308 2020 quae
1339 1979 1455 2011 erant
1485 1976 1628 2013 Carolo
1660 1974 1747 2021 regi
1781 1972 2012 2008 iniuriosae.

1060 2025 1146 2062 Rex
1173 2026 1233 2062 ira
1259 2029 1448 2074 percitus,
1479 2029 1713 2065 Iesuitarum
1739 2026 2011 2075 expulsionem

1061 2090 1109 2114 ex
1139 2081 1320 2117 omnibus
1346 2082 1427 2118 suis
1455 2085 1573 2118 terris
1599 2081 1788 2119 decrevit.
1814 2081 1889 2115 An.
1920 2078 2012 2114 1767

1059 2133 1216 2169 litterae
1227 2139 1408 2172 secretae
1420 2135 1536 2173 datae
1550 2135 1699 2172 suntad
1708 2145 1846 2171 omnes
1858 2132 2012 2180 provin·

1060 2186 1211 2222 ciarum
1238 2188 1276 2223 in
1304 2189 1508 2236 Hispania,
1528 2189 1718 2226 America
1736 2192 1776 2224 et
1792 2186 1923 2229 Indiis,
1942 2185 2006 2220 Hi-

1058 2251 1271 2287 spanorum
1285 2242 1451 2288 imperio
1463 2242 1890 2290 subiectis,praefectos
1904 2242 1944 2275 et
1957 2238 2009 2274 ci-

1057 2295 1222 2330 vitatum
1243 2297 1513 2343 magistratus,
1529 2297 1667 2344 quibus
1680 2297 1750 2332 sub
1765 2304 1892 2342 poena
1903 2303 2007 2328 mor-

1057 2348 1107 2383 tis
1134 2348 1409 2395 mandabatur,
1436 2355 1480 2386 ut
1506 2355 1611 2387 stata
1629 2350 1690 2386 die
1708 2360 1845 2384 omnes
1861 2346 2002 2393 ubique

1056 2402 1226 2438 Iesuitae
1250 2403 1584 2450 interciperentur
1604 2408 1643 2439 et
1662 2403 1699 2438 in
1720 2412 1810 2437 oras
1829 2399 2006 2447 regionis

1057 2455 1275 2502 pontificiae
1301 2457 1620 2504 deportarentur.
1650 2456 1832 2492 Edictum
1859 2463 2004 2500 magna

1055 2520 1144 2544 cum
1156 2509 1338 2547 barbarie
1351 2511 1574 2547 executioni
1584 2509 1811 2546 mandatum
1825 2512 1897 2551 est3
1910 2517 2002 2542 nam

1054 2573 1133 2598 una
1167 2563 1386 2612 eademque
1420 2569 1536 2600 nocte
1563 2563 1695 2599 omnia
1721 2561 1922 2598 domicilia
1946 2560 2004 2596 Ie-

1054 2615 1246 2652 suitarum
1265 2646 1273 2660 ,
1309 2618 1363 2653 nil
1395 2619 1603 2666 quidquam
1637 2615 1950 2664 suspicantium,
1977 2624 2002 2649 a

1053 2669 1238 2706 militibus
1265 2676 1459 2719 occupata
1484 2676 1587 2714 sunt,
1604 2672 1705 2706 bona
1723 2681 1862 2706 eorum
1882 2667 1998 2704 confi-

1053 2728 1181 2767 scata,
1209 2725 1311 2772 iique
1339 2725 1422 2761 sine
1449 2724 1697 2766 discrimIne,
1725 2723 1912 2765 iuniores,
1939 2733 2000 2758 se-

1053 2788 1135 2822 nes,
1159 2778 1317 2823 Infirmi,
1337 2779 1554 2815 veredariis
1574 2778 1621 2814 ad
1640 2777 1773 2814 littora
1790 2777 1913 2813 maris
1931 2776 1997 2812 du-

1053 2831 1117 2874 cti,
1142 2832 1308 2868 navibus
1327 2832 1497 2879 impositi
1517 2836 1556 2867 et
1574 2831 1622 2867 ad
1642 2830 1885 2867 territorium
1904 2841 1996 2877 pon-

1052 2884 1212 2920 tificium
1239 2886 1451 2921 transvecti
1478 2889 1583 2921 sunt·
1609 2884 1793 2922 Clemens
1812 2884 1885 2930 Pp·
1904 2882 1994 2918 XIII

1051 2949 1204 2973 summo
1219 2939 1352 2974 dolore
1367 2950 1593 2985 oppressus,
1607 2937 1840 2975 omnimodo
1856 2947 1993 2982 regem

1051 3002 1075 3027 a
1105 2991 1207 3028 male
1235 2993 1385 3039 coeptis
1412 2992 1603 3029 reducere
1630 2996 1795 3029 conatus
1820 2995 1905 3033 est;
1932 2989 2008 3025 hic·

1050 3056 1145 3081 vero
1173 3045 1436 3092 petulantibus
1462 3046 1604 3083 litteris
1630 3046 1806 3082 dolorem
1833 3042 1993 3079 Pontifi-

1049 3099 1104 3135 cis
1131 3099 1253 3134 auxit.

1095 3152 1243 3189 Eodem
1263 3153 1377 3189 modo
1395 3154 1562 3192 Iesuitae
1580 3155 1654 3191 hoc
1674 3154 1758 3202 ipso
1777 3164 1879 3189 anno
1899 3149 1989 3188 1767

1049 3220 1097 3245 ex
1124 3211 1290 3254 utraque
1318 3207 1464 3253 Sicilia,
1492 3212 1531 3245 et
1557 3220 1658 3246 anno
1684 3207 1859 3256 sequenti
1885 3217 1906 3243 e
1924 3205 1993 3242 du-
