2241 3473
278 146 356 184 212

227 237 326 263 rum.
346 224 636 261 Benearnenses
664 217 846 256 catholici
876 217 923 253 ab
944 214 1169 253 acatholicis

228 278 403 328 graviter
423 274 605 324 oppressi,
626 270 800 309 ecclesiis
828 269 906 308 suis
935 271 975 305 et
1002 268 1172 317 Religio-

227 333 287 369 nis
303 329 488 368 exereitio
505 325 646 372 orbati,
661 323 850 362 Ludoviei
867 322 963 360 XIII
980 322 1170 359 iustitiam

228 382 539 432 interpellarunt.
562 380 599 417 Is
620 390 681 416 an.
705 377 806 415 1617
831 375 1082 424 magistratui
1102 375 1172 412 Be-

229 435 435 475 nearnensi
456 432 682 477 mandavit,
709 434 751 468 ut
779 429 977 479 religionis
1005 428 1171 466 catholi-

227 504 293 529 cae
314 487 500 528 exercitia
520 486 835 530 restituerentur,
857 485 897 521 et
916 482 1049 520 ablata
1070 482 1171 519 clero

227 546 329 583 bona
349 542 617 580 redderentur.
635 538 746 580 Quod
762 549 852 574 cum
867 536 932 574 ille
949 535 1172 574 executioni

228 597 414 636 mandare
437 594 669 643 negligeret,
698 603 768 629 rex
797 591 878 639 ipse
909 601 971 628 an.
1004 588 1113 627 1620
1135 589 1171 625 in

228 653 498 690 Benearneam
519 646 728 697 profectus,
747 644 933 682 ecclesias
951 642 1173 688 Catholicis,

229 706 328 742 bona
348 701 615 740 ecclesiastica
643 702 683 737 et
710 699 874 736 honores
902 697 1086 746 pristinos
1107 708 1173 733 ec—

230 756 458 795 clesiasticis
475 754 660 800 restituit,
673 755 712 790 et
728 753 995 790 Benearneam
1007 761 1174 788 coronae

228 810 442 850 Francicae
462 807 655 846 adiunxit.
678 805 881 855 Hugonoti
900 806 974 842 hac
995 816 1037 841 re
1059 804 1174 841 offen-

228 866 273 911 si,
294 863 437 902 bellum
458 862 574 900 civile
590 861 884 906 instaurarunt,
901 859 968 896 sed
989 859 1036 895 ab
1058 869 1174 895 exer-

229 919 307 956 citu
328 917 438 967 regio
458 916 649 965 superati,
669 915 872 963 plerasque
901 913 1017 950 urbes
1038 913 1077 949 et
1106 923 1176 948 ca-

229 976 322 1017 stra,
338 972 376 1009 in
392 971 532 1020 quibus
548 967 771 1007 rebellionis
787 968 900 1017 signa
916 965 1176 1015 expliearant,

228 1027 403 1069 reddere,
423 1026 462 1062 et
482 1036 544 1062 an.
563 1023 665 1061 1623
681 1033 816 1071 pacem
832 1019 1030 1069 postulare
1051 1019 1176 1056 eoacti

231 1081 333 1118 sunt.
363 1078 513 1116 Verum
542 1088 697 1126 semper
725 1074 911 1124 inquieti,
941 1084 1099 1111 rursum
1137 1073 1175 1109 in

232 1135 328 1172 urbe
348 1132 518 1181 Rupella
546 1130 796 1168 rebellionem
827 1130 866 1166 et
893 1127 1044 1165 bellum
1063 1124 1177 1164 civile

232 1188 565 1225 instauraverunt.
588 1185 648 1222 Ex
670 1184 743 1221 hac
764 1183 859 1220 urbe
873 1212 882 1228 ,
902 1184 985 1219 tum
1008 1180 1083 1218 loci
1103 1193 1176 1218 na-

232 1245 337 1288 tura,
356 1244 442 1278 tum
462 1251 579 1277 manu
601 1241 641 1276 et
655 1240 739 1275 arte
754 1236 917 1282 munita,
934 1248 975 1272 se
990 1236 1176 1272 tutaban-

232 1298 310 1341 tur,
329 1294 491 1332 militem
513 1291 823 1336 conscribebant,
844 1289 1031 1339 pecunias
1052 1288 1176 1337 impe-

231 1350 387 1395 rabant,
415 1347 592 1396 regisque
623 1345 901 1383 auctoritatem
929 1343 1177 1392 spernebant.

232 1405 322 1442 Rex
343 1415 362 1440 e
379 1400 535 1439 consilio
553 1398 760 1437 cardinalis
774 1396 994 1441 Richelieu,
1011 1396 1178 1434 ministri

233 1458 305 1502 sui,
318 1456 539 1505 Rupellam,
557 1452 799 1491 calvinianae
815 1454 945 1489 sectae
965 1462 1180 1500 propugna-

235 1510 615 1558 culum,oppugnare
632 1506 842 1544 constituit.
861 1506 994 1543 Primo
1015 1504 1180 1542 classem

238 1565 314 1603 120
335 1564 510 1609 navium,
532 1573 648 1610 quam
667 1560 786 1609 Angli
813 1559 851 1596 in
884 1559 1179 1608 Hugonotorum

233 1619 427 1656 auxilium
457 1616 722 1660 destinarant,
753 1613 802 1651 ad
830 1613 996 1651 insulam
1026 1612 1179 1649 Rheam

236 1672 444 1717 destruxit,
464 1670 601 1708 deinde
623 1667 832 1717 Rupellam
848 1666 1127 1704 munitionibus
1143 1668 1183 1703 et

234 1726 437 1775 stupendis
458 1724 622 1762 molibus
642 1723 925 1770 circumsepsit,
947 1723 985 1758 et
1001 1733 1061 1758 an.
1083 1720 1183 1757 1628

235 1781 350 1819 famis
372 1778 600 1817 horroribus
615 1788 803 1826 pressam,
820 1776 856 1812 in
875 1775 1111 1813 deditionem
1126 1786 1183 1811 ac-

238 1835 351 1884 cepit.
373 1834 433 1872 Ex
456 1834 527 1870 hoc
547 1834 721 1880 tempore
743 1830 880 1867 attrita
900 1829 1183 1877 111111111ςοοο-

237 1893 367 1927 torum
398 1886 576 1931 audacia,
608 1884 770 1922 rebelles
799 1883 977 1921 civitates
1006 1883 1054 1919 ad
1081 1882 1184 1930 regis

239 1942 466 1991 obsequium
488 1940 698 1984 redierunt,
722 1937 862 1986 ubique
883 1939 922 1974 et
939 1938 976 1974 in
993 1937 1075 1985 ipsa
1093 1936 1185 1973 urbe

238 1995 407 2045 Rupella
428 1994 640 2032 catholicae
661 1991 862 2040 religionis
891 1990 1079 2028 exercitia
1109 1989 1187 2027 fue-

240 2053 333 2088 runt
363 2049 556 2086 restituta.
588 2046 787 2084 Haeretici
817 2047 948 2082 tamen
974 2043 1184 2082 secundum

241 2105 491 2142 Nannetense
503 2101 674 2139 edictum
688 2099 885 2149 religionis
901 2099 1069 2136 liberum
1082 2109 1187 2135 exer-

244 2158 376 2195 citium
399 2158 691 2194 conservarunt.

289 2212 351 2249 95.
374 2212 427 2249 In
448 2210 589 2258 Belfsz'o
606 2208 715 2245 —In
736 2207 872 2255 Belgio
903 2219 963 2244 an.
984 2206 1083 2243 1621
1116 2206 1186 2243 de—

242 2265 356 2304 cessit
385 2265 564 2314 princeps
584 2262 782 2305 Albertus,
804 2262 888 2309 post
909 2260 1022 2297 euius
1040 2259 1187 2297 obitum

241 2319 411 2358 Isabella
432 2317 722 2368 provinciarum
746 2314 929 2363 Hispanis
944 2314 1185 2351 subditarum

240 2373 555 2424 procurationem
572 2369 815 2407 continuavit
832 2380 951 2416 usque
973 2368 1020 2404 ad
1043 2379 1185 2405 annum

246 2428 356 2465 1633.
379 2426 522 2464 Eodem
546 2436 659 2470 anno,
680 2435 755 2471 quo
773 2422 867 2458 obiit
883 2422 1081 2468 Albertus.
1099 2433 1188 2471 pro-

241 2482 392 2518 vinciae
422 2480 646 2518 foederatae
677 2488 743 2514 seu
774 2475 938 2513 rebelles
958 2475 1103 2512 bellum
1125 2475 1188 2512 in-

243 2536 482 2572 staurarunt.
504 2534 603 2570 Rem
627 2542 694 2580 pro
715 2530 900 2578 Hispanis
921 2529 1074 2566 fortiter
1095 2541 1187 2577 ges-

244 2590 294 2626 sit
322 2588 481 2638 Spinola
510 2586 682 2623 bellidux
701 2614 709 2629 ,
739 2583 806 2621 sed
835 2595 879 2620 eo
901 2583 937 2619 in
963 2583 1187 2631 Hispaniam

245 2646 428 2681 revocato
445 2672 453 2688 ,
487 2639 710 2678 Fridericus
745 2636 937 2674 Henrieus
973 2637 1188 2674 Arausica-

247 2710 333 2741 nus,
353 2696 418 2745 qui
441 2708 500 2733 an.
525 2694 626 2732 1625
642 2690 830 2730 Mauritio
847 2690 883 2727 in
901 2690 1187 2739 provinciarum

247 2752 535 2788 foederatarum
564 2745 752 2796 regimine
772 2744 982 2789 successit,
1006 2743 1191 2781 victorias

247 2805 376 2853 plures
405 2803 560 2848 retulit3
582 2813 643 2838 an.
669 2799 769 2837 1629
790 2797 1075 2835 Silvam-ducis
1094 2827 1103 2842 ,
1123 2810 1189 2834 scu

263 2858 531 2904 3useoducurn,
560 2858 599 2892 et
628 2865 728 2891 anno
759 2852 932 2897 sequent-i
962 2851 1190 2888 Traiectum

247 2913 294 2949 ad
316 2912 465 2949 Mosam
487 2910 599 2959 cepit.
622 2909 716 2945 Post
737 2906 926 2944 Isabellae
946 2905 1092 2943 obitum
1111 2917 1192 2953 pro·

248 2966 465 3002 vinciat-um
495 2962 741 3011 Belgicarum
773 2959 997 3009 procuratio
1026 2959 1191 2995 deman-

248 3020 340 3056 data
360 3019 435 3056 fuit
455 3016 714 3061 FerdinandO,
738 3013 926 3052 cardinali
943 3012 1193 3061 arehiepisco-

250 3086 295 3121 po
329 3073 530 3115 Toletano,
566 3069 734 3117 Philippi
769 3068 822 3105 IV
859 3067 961 3116 regis
983 3066 1191 3114 Hispaniae

252 3126 377 3170 fratri,
407 3126 471 3174 qui
504 3125 611 3162 illam
642 3122 762 3172 gessit
779 3134 901 3170 usque
923 3121 969 3158 ad
991 3132 1051 3157 an.
1077 3119 1187 3156 1641.

252 3180 408 3217 Interim
440 3178 593 3228 publiea
622 3188 752 3213 rerum
781 3174 1047 3224 tranquillitas
1076 3175 1193 3221 atque

251 3233 484 3283 prosperitas
500 3231 833 3282 perturbabantur
848 3242 920 3266 non
939 3230 1051 3266 tantu
1059 3239 1092 3265 ni
1109 3227 1195 3264 Hel-

832 151 991 178 EPOCHA
1020 149 1075 181 XI.
1108 147 1161 175 AB
1188 147 1323 175 INITIIS
1349 148 1530 176 LVTHERI

1213 212 1418 251 landorum
1439 214 1506 252 sed
1527 214 1647 252 etiam
1668 214 1886 262 Gallorum,
1902 216 2062 265 propter
2074 214 2160 252 bel—

1216 267 1296 303 lum
1324 267 1428 305 inter
1448 268 1694 305 Ludovicum
1713 268 1811 307 XIII
1831 270 1979 308 Galliae
2000 270 2040 307 et
2061 268 2163 306 Phi-

1214 319 1362 369 lippum
1384 321 1438 359 IV
1461 321 1676 370 Hispaniae
1692 317 1820 371 re'ges,
1836 322 2161 373 aggressionibus.

1216 373 1287 411 His
1306 374 1418 412 malis
1435 378 1683 413 accesserunt
1696 375 1810 412 brevi
1826 383 1910 424 post
1925 377 2015 415 lites
2031 377 2165 414 011111·-

1216 428 1286 465 bae
1307 428 1596 476 Iansenisticae‚
1618 431 1661 466 ut
1680 429 1909 468 videbimus.

1269 481 1331 518 96.
1346 483 1512 521 Bellum
1526 483 1584 520 30
1596 494 1812 520 annorum
1823 484 1867 520 in
1883 484 2165 522 Germania—-

1219 534 1261 571 In
1300 535 1510 574 Germania
1544 536 1704 574 dissidia
1736 536 1955 574 Catholieos
1987 537 2089 575 inter
2125 538 2165 574 et

1219 588 1491 628 Protestantes
1521 593 1678 639 propter
1705 590 1935 639 religionem
1965 593 2005 628 et
2025 592 2164 628 mutua

1218 644 1460 690 gravamina,
1490 644 1559 682 hos
1587 644 1635 681 ad
1666 644 1849 681 unionem
1875 644 2165 693 evangelicam,

1219 695 1306 734 illos
1327 697 1375 734 ad
1397 699 1523 746 lzyam
1544 698 1790 735 catholicam
1806 697 2088 735 conficiendam
2103 698 2170 735 ad-

1220 750 1442 798 duxerunt,
1473 756 1515 789 ut
1544 763 1662 801 supra
1691 751 1860 789 diximus
1879 749 1902 789 ¹.
1933 751 2050 789 Brevi
2080 752 2170 800 post

1220 804 1320 841 inter
1347 807 1552 854 utramque
1574 806 1724 854 partem
1744 804 1888 842 bellum
1907 807 2064 843 secutus
2085 813 2166 852 est,

1220 858 1321 907 quod
1347 859 1459 896 annis
1479 859 1530 898 30
1552 871 1672 908 usque
1693 859 1741 896 ad
1763 870 1898 907 pacem
1917 858 2167 907 Westphali-

1220 923 1320 957 eam,
1339 923 1440 950 anno
1464 913 1564 950 1648
1586 912 1854 962 compositam,
1869 911 2112 961 perduravit,
2129 913 2170 949 et

1222 977 1295 1014 quo
1308 966 1520 1005 Germania
1535 967 1774 1004 horrendum
1793 966 1832 1003 in
1852 966 2011 1004 modum
2028 965 2168 1015 exagi-

1221 1021 1305 1057 tata
1334 1019 1536 1069 omnisque
1556 1022 1714 1069 Europa
1743 1021 1904 1058 turbata
1937 1018 2033 1064 fuit,
2054 1019 2172 1058 dissi-

1222 1073 1402 1111 dentibus
1422 1074 1527 1112 inter
1546 1087 1586 1112 se
1606 1074 1854 1124 principibus,
1875 1075 1915 1111 et
1934 1073 2169 1122 quibusdam

1224 1127 1300 1174 uni,
1317 1128 1457 1166 ceteris
1474 1128 1590 1166 alteri
1606 1128 1708 1177 parti
1727 1127 2042 1170 adhaerentibus.
2056 1126 2169 1165 Bello

1223 1193 1357 1219 ansam
1387 1182 1582 1219 dederunt
1611 1181 1802 1219 haeretici
1824 1180 2000 1227 Bohemi,
2020 1179 2088 1229 qui
2107 1180 2170 1217 in-

1223 1235 1372 1272 dultam
1403 1236 1476 1273 sibi
1505 1236 1730 1285 religiosam
1749 1235 1976 1274 libertatem
1997 1233 2172 1272 arbitra-

1223 1289 1280 1326 rie
1296 1291 1506 1328 extendere
1522 1292 1738 1339 coeperunt
1752 1289 1792 1327 in
1808 1288 2087 1327 detrimentum
2104 1288 2173 1326 Ca-

1222 1343 1470 1382 tholieorum.
1507 1345 1636 1386 Quum
1664 1344 1881 1393 imperator
1908 1341 2081 1380 Mathias
2109 1353 2170 1380 an.

1227 1398 1326 1436 1618
1365 1410 1500 1435 eorum
1538 1397 1742 1436 audaciam
1777 1396 1922 1435 litteris
1956 1395 2173 1434 minatoriis

1224 1452 1487 1501 coarguisset,
1516 1452 1594 1499 illi,
1615 1452 1818 1489 incentore
1839 1450 2082 1500 potissimum
2103 1461 2172 1487 co-

1226 1506 1317 1543 mite
1347 1506 1502 1544 Mathia
1530 1506 1576 1543 de
1605 1506 1754 1551 Thurn,
1776 1516 1886 1543 arma
1906 1505 2172 1552 sumpserunt,

1227 1562 1266 1598 et
1295 1560 1334 1597 in
1364 1559 1555 1609 palatium
1583 1559 1736 1609 regium
1766 1560 1920 1608 Pragae
1949 1558 2173 1604 irruentes,

1227 1615 1320 1652 duos
1353 1614 1459 1651 urbis
1487 1614 1768 1662 gubernatores
1789 1625 1809 1650 e
1830 1612 2002 1650 fenestra
2021 1610 2174 1648 deiece-

1228 1670 1342 1715 runt3
1372 1668 1510 1705 deinde
1537 1668 1761 1705 constitutis
1781 1666 1832 1704 30
1852 1665 2028 1712 ducibus,
2048 1666 2176 1702 totum

1229 1723 1405 1772 regimen
1427 1722 1474 1759 ad
1496 1734 1536 1760 se
1555 1723 1778 1767 traxerunt,
1798 1732 1863 1758 aes
1882 1719 2082 1769 publicum
2104 1718 2177 1756 sibi

1230 1777 1478 1814 vindicarunt
1492 1807 1502 1821 ,
1539 1776 1682 1813 milites
1725 1775 2019 1818 conduxerunt,
2056 1774 2176 1821 atque

1229 1842 1384 1868 omnem
1401 1830 1481 1867 fere
1492 1830 1719 1867 Bohemiam
1739 1829 1993 1878 occuparunt.
2006 1825 2178 1865 Mathias

1230 1886 1445 1934 imperator
1475 1895 1611 1921 eorum
1633 1883 1835 1921 rebellioni
1856 1893 1966 1920 arma
1986 1880 2179 1930 opposuit.

1232 1938 1510 1976 Protestantiei
1541 1949 1633 1975 vero
1655 1937 1860 1986 principes,
1883 1935 2033 1973 unionis
2052 1946 2176 1972 evan-

1231 1993 1380 2042 gelicae
1402 1992 1623 2041 participes,
1644 1991 1860 2033 auxiliares
1881 1989 2010 2038 copias
2029 1987 2178 2026 rebelli-

1232 2049 1301 2084 bus
1322 2047 1578 2084 destinarunt.
1597 2046 1760 2083 Bohemi
1775 2047 1831 2082 ita
1846 2044 1986 2089 adiuti,
2003 2054 2078 2080 non
2095 2044 2178 2080 tan-

1231 2104 1317 2139 tum
1345 2103 1481 2138 contra
1510 2109 1739 2137 caesareum
1768 2098 1985 2137 exercitum
2011 2096 2176 2134 dimica-

1232 2157 1337 2200 runt,
1358 2155 1423 2192 sed
1445 2166 1536 2192 mox
1557 2153 1788 2199 Moraviam,
1809 2151 1985 2190 Silesiam
2002 2154 2041 2188 et
2058 2150 2178 2188 Lusa-

1232 2211 1327 2247 tiam
1349 2221 1419 2258 ope
1439 2207 1744 2257 protestantium
1759 2237 1768 2254 ,
1790 2206 1934 2254 ubique
1955 2215 2179 2242 numeroso-

1233 2275 1319 2301 rum
1341 2266 1379 2299 et
1400 2263 1438 2299 in
1461 2262 1688 2299 seditionem
1707 2271 1930 2309 pronorum,
1946 2259 1994 2296 ad
2012 2269 2182 2296 commu-

1234 2329 1321 2354 nem
1356 2327 1490 2354 seeum
1524 2315 1774 2353 rebellionem
1810 2314 2109 2363 permoverunt3
2141 2314 2181 2349 et

1232 2370 1296 2420 qui
1318 2373 1469 2407 tantum
1491 2370 1538 2406 ad
1560 2368 1847 2406 defendendum
1870 2366 2072 2416 religionis
2088 2377 2181 2404 suae

1234 2424 1467 2462 exercitium
1497 2435 1538 2461 se
1569 2434 1679 2460 arma
1703 2422 1917 2471 sumpsisse
1938 2420 2180 2467 dictitabant,

1235 2478 1399 2516 Iesuitas
1420 2477 1610 2514 Bohemia
1642 2477 1866 2522 eiecerunt,
1895 2477 1935 2513 et
1962 2473 2181 2513 Catholieos

1235 2533 1328 2569 dure
1350 2531 1632 2580 opprimebant.

1286 2587 1398 2623 Anno
1430 2585 1531 2623 1610
1561 2584 1713 2622 Mathia
1742 2584 1977 2633 imperatore
2005 2582 2181 2620 Viennae

1235 2639 1430 2686 defuneto,
1446 2639 1620 2686 regimen
1639 2638 1734 2675 adiit
1749 2637 2021 2675 Ferdiiiandus
2037 2636 2086 2681 ΙΙ,
2102 2637 2180 2674 dux

1235 2694 1392 2740 Stiriae,
1413 2694 1472 2731 eui
1497 2693 1573 2730 iam
1595 2695 1711 2729 antea
1731 2691 1902 2730 Mathias
1923 2702 2044 2740 regna
2064 2689 2179 2727 Hun-

1237 2748 1368 2797 gariae
1394 2750 1433 2784 et
1454 2746 1662 2784 Bohemiae
1683 2747 1876 2791 eesserat;
1897 2745 1961 2783 sed
1982 2755 2071 2782 eum
2092 2755 2181 2793 pro-

1239 2805 1322 2850 pter
1356 2800 1574 2849 Religionis
1602 2800 1817 2838 catholicae
1845 2799 2016 2837 studium
2046 2801 2181 2847 prote-

1236 2855 1391 2893 stantici
1421 2854 1631 2891 Bohemiae
1652 2853 1817 2891 Ordines
1840 2854 2044 2902 acceptare
2064 2862 2181 2888 recu-

1237 2910 1385 2947 sabani.
1403 2908 1584 2946 Rebelles
1606 2908 1779 2954 Bohemi,
1800 2907 1845 2944 de
1865 2918 1936 2956 ope
1956 2906 2183 2944 Protestan-

1238 2963 1334 3000 tium
1355 2963 1392 2999 in
1414 2962 1573 3000 Austria
1594 2961 1704 3008 certi,
1721 2960 1939 2999 exercitum
1956 2960 1994 2997 in
2015 2970 2101 2997 eam
2117 2959 2181 2996 du-

1239 3020 1395 3062 xerunt,
1413 3020 1451 3054 et
1464 3016 1658 3054 Viennam
1682 3026 1803 3064 usque
1824 3014 2092 3064 penetrarunt.
2114 3013 2183 3050 Eo·

1239 3071 1325 3107 <leni
1348 3076 1523 3119 tempore
1543 3069 1812 3118 protestantici
1829 3068 1993 3106 Ordines
2009 3078 2073 3105 seu
2089 3066 2183 3104 Sta-

1242 3129 1326 3171 tus,
1357 3129 1437 3161 lum
1468 3123 1571 3161 infra
1599 3126 1679 3161 tum
1712 3134 1830 3172 supra
1859 3124 2055 3167 Anasum,
2075 3131 2184 3158 arma

1282 3237 1289 3258 ¹
1311 3239 1381 3272 vui.
1398 3248 1426 3279 p.
1443 3238 1512 3270 200.
