2241 3473
708 145 844 175 VSQVE
867 146 920 172 AD
942 144 1226 172 PRAESENTEM
1252 142 1455 171 ΑΕΤΑΤΕΜ

118 215 346 252 Pontificem
374 221 611 264 argumenta
628 219 870 266 frequentius
898 218 1062 255 tradide-

119 273 209 306 runt
241 269 452 306 praesules
489 282 535 307 ac
574 272 735 314 fideles,
775 273 856 310 sive
896 273 1060 308 Romam

117 322 328 363 adeuntes,
356 330 398 359 ut
424 336 512 360 eum
539 330 846 369 venerarentur,
874 327 955 362 sive
983 337 1061 361 rna-

118 377 204 412 iora
230 377 484 422 pecuniarum
516 379 686 414 subsidia
713 380 760 414 ad
789 391 877 416 eum
909 380 1061 415 mitten-

119 434 193 470 tes,
212 430 275 476 qui
294 431 471 466 omnibus
490 432 569 467 suis
588 433 772 468 reditibus
791 433 965 474 orbatus.
984 443 1062 468 om-

117 483 225 518 nium
255 494 352 529 pene
380 484 525 519 levavit
558 485 742 530 inopiam.
770 487 931 521 Summa
966 486 1061 521 liaec

1922 129 1999 167 441

1112 219 1362 266 Apostolieae
1390 216 1515 257 Sedis,
1543 219 1582 252 et
1607 214 1810 251 Ecclesiae
1840 213 1921 249 suis
1946 212 2057 248 bonis

1112 272 1302 318 spoliatae
1329 269 1644 312 necessitatibus,
1671 266 1910 303 christianae
1936 266 2057 302 etiam

1113 326 1287 360 caritatis
1314 324 1390 359 vim
1419 327 1458 359 et
1484 321 1733 369 splendorem
1761 320 1930 367 produnt
1947 331 1982 354 2>-

1159 377 1387 415 Communis
1403 377 1534 412 Patris
1552 374 1835 411 acerbitatibus
1850 373 2055 409 sublevan-

1113 432 1171 468 dis
1199 432 1269 467 i'nit
1296 432 1393 466 baec
1421 429 1593 465 {idolium
1614 428 1798 464 alacritas
1816 431 1856 463 et
1881 429 2057 462 constan-

1117 486 1181 525 tia.
1209 484 1276 520 scd
1305 485 1386 531 ipse
1418 483 1601 518 Pontifex
1637 482 1674 516 in
1708 480 1868 528 praeliis
1902 478 2060 515 Domini

117 536 267 572 amoris
318 543 355 572 et
399 539 667 574 venerationis
715 539 953 575 documenta
996 539 1064 575 Pio
1116 537 1357 586 praeliandis
1386 542 1571 572 constans
1599 539 1639 572 et
1664 535 1796 570 alacer
1817 563 1826 577 ‚
1852 533 2063 580 Episcopo-

118 589 191 637 Pp.
220 592 274 627 lx
301 591 514 638 praecipue
541 593 713 628 exhibita
741 594 919 634 fuerunt,
949 604 1062 639 quum

116 644 200 692 ipse
227 656 328 680 anno
357 646 448 681 1877
474 645 834 692 quinquagesimum
856 647 1065 692 Epis-com—

118 698 164 733 lis
189 708 283 734 suae
311 698 619 734 consecrationis
652 700 823 735 natalem
851 700 954 735 diem
975 711 1065 746 agc-

118 756 192 787 ret.
215 751 269 787 De
297 751 356 786 liis
381 763 607 787 sermonem
636 752 782 788 faciens
810 753 990 789 Pontifex
1017 753 1065 788 ad

117 804 349 841 Cardinales
370 833 378 845 ,
405 805 640 842 allocutione
667 805 742 841 diei
769 806 815 841 ‘22
847 805 939 841 iunii
966 807 1066 841 illius

120 857 228 898 anni,
249 858 463 905 appellavit
484 859 574 894 illud
595 870 778 905 magnum
798 860 1065 906 spectaculum

120 910 278 953 mundo,
298 912 464 957 Angelis
495 918 534 947 et
560 913 792 954 hominibus,
811 913 1066 959 subiungens:

121 976 142 998 e
162 964 202 999 ln
231 965 335 999 omni
364 976 462 1010 pene
491 965 624 1001 mundi
653 966 813 1012 regione
835 966 897 1002 ille
917 966 1000 1002 dies
1017 966 1069 1001 di-

118 1017 234 1053 vinae
261 1029 361 1064 erga
378 1018 461 1054 Nos
479 1019 729 1065 benignitatis
748 1023 786 1054 et
805 1019 1070 1055 miserationis

120 1080 144 1105 a
171 1071 314 1118 populo
349 1072 421 1108 Dei
452 1072 613 1118 publicis
647 1072 820 1108 laetitiae
850 1077 889 1108 et
917 1072 1069 1118 religio-

120 1124 181 1160 nis
218 1124 568 1170 significationibus
603 1126 824 1161 celebratus
850 1130 936 1168 est,
964 1125 1071 1160 undi-

121 1188 195 1224 que
222 1177 270 1213 ad
297 1178 380 1214 Nos
406 1179 562 1214 litterae
588 1180 730 1215 allatae
759 1182 847 1214 sunt
866 1179 1004 1225 plenae
1030 1178 1070 1213 fi-

121 1231 222 1267 lialis
250 1232 415 1267 affectus
435 1261 444 1275 ,
478 1232 616 1277 plenae
648 1232 791 1267 doloris
825 1232 872 1267 ob
904 1233 1073 1279 iniquum

120 1283 263 1320 bellum
292 1285 352 1319 cui
379 1285 533 1320 obnoxii
561 1296 718 1328 sumus,
747 1285 857 1332 quasi
885 1289 966 1321 tum
994 1285 1072 1332 pri—

120 1349 226 1373 mum
267 1343 355 1385 post
382 1338 501 1385 longa
539 1338 748 1375 intervalla
787 1339 954 1374 filiorum
995 1351 1073 1375 vox

121 1401 354 1438 compressa
379 1392 592 1439 erupisset:
613 1392 684 1439 ipsi
712 1393 834 1428 etiam
862 1392 1071 1428 catholica-

122 1455 207 1479 rum
236 1444 437 1480 nationum
466 1450 667 1487 rectores,
696 1446 839 1492 aliique
872 1446 1073 1493 principes

122 1497 196 1532 viri
224 1503 264 1533 et
289 1497 459 1534 feminae
485 1509 561 1533 non
588 1499 712 1534 solum
742 1498 989 1545 amplissima
1008 1511 1074 1534 no-

122 1550 286 1593 bilitate,
306 1550 372 1586 sed
401 1552 524 1598 regali
551 1552 672 1587 etiam
700 1551 892 1598 sanguine
923 1556 1074 1598 specta-

124 1603 223 1640 biles
241 1633 250 1648 ,
276 1615 371 1640 suae
398 1604 522 1640 Nobis
547 1605 755 1641 devinctae
782 1605 994 1640 voluntatis
1020 1607 1074 1640 of-

126 1657 215 1694 ficia.
240 1659 498 1695 exhibuerunt
519 1688 527 1701 ,
558 1659 780 1695 luculenter
814 1659 1072 1695 ostendentes

124 1723 237 1748 suum
265 1713 492 1759 religiosum
519 1713 689 1749 studium
716 1713 764 1748 ab
794 1713 963 1748 aliorum
997 1713 1075 1760 pie-

125 1769 207 1801 tate
234 1777 311 1801 non
337 1767 452 1801 vinci.
477 1766 719 1813 Frequentia
745 1770 879 1801 autem
906 1776 952 1801 ac
979 1767 1074 1801 mul—

126 1819 248 1855 titudo
277 1819 468 1856 Fidelium
495 1831 544 1856 ex
571 1821 675 1855 omni
704 1820 838 1866 lingua
868 1819 1008 1866 populo
1036 1823 1076 1855 et

125 1873 300 1916 natione,
318 1885 367 1909 ex
385 1874 490 1908 omni
509 1873 646 1909 ordine
665 1878 795 1909 aetate
814 1878 853 1909 et
870 1884 989 1915 sexu,
1011 1873 1074 1920 qui

126 1927 406 1974 praeeuntibus
441 1927 670 1963 Pastoribus
700 1927 781 1962 suis
801 1955 809 1970 ‚
846 1927 1077 1973 peregrina-

126 1980 231 2016 tione
262 1985 447 2027 suscepta
481 1992 529 2017 ex
560 1980 832 2016 remotissimis
864 1980 984 2016 etiam
1017 1991 1074 2016 re-

128 2034 308 2080 gionibus
335 2034 383 2069 ad
410 2034 493 2070 Nos
520 2039 713 2070 venerunt
735 2062 743 2076 ‚
770 2033 845 2070 fide
873 2038 912 2069 et
939 2044 1075 2069 amore

128 2098 267 2123 eorum
301 2090 452 2123 animos
483 2087 586 2123 inter
614 2091 670 2122 tot
700 2087 886 2134 cuiusque
919 2087 1078 2132 generis

126 2140 376 2177 incommoda
401 2144 664 2184 sustentante,
685 2146 889 2187 comperta
915 2146 975 2176 est
1000 2140 1078 2175 Vo-

129 2194 198 2230 bis.
219 2219 227 2226 -
249 2222 257 2228 .
277 2195 360 2230 Vos
386 2195 489 2231 enim
515 2194 663 2230 vidistis
694 2193 983 2229 confertissima
1010 2203 1075 2240 ag-

129 2248 238 2284 mina
263 2247 312 2284 ad
338 2248 408 2284 has
435 2247 552 2284 aedes
577 2247 747 2283 Nostras
772 2248 827 2283 ita
844 2247 882 2282 in
902 2247 984 2283 dies
1001 2247 1076 2282 sin-

130 2303 244 2348 gulos
263 2301 561 2344 confluentia,ut
579 2301 675 2337 satis
690 2301 946 2337 ostenderent
963 2311 1078 2347 quam

131 2358 321 2402 cuperent
347 2354 573 2390 diuturnum
600 2354 837 2390 desiderium
866 2353 998 2389 Patris
1023 2353 1079 2388 sui

131 2407 395 2455 conspiciendi
428 2413 468 2444 et
494 2408 713 2455 alloquendi
739 2407 912 2455 explere,
931 2407 1082 2442 vidistis

132 2461 425 2498 amantissimos
450 2461 550 2497 filios
575 2473 692 2498 voces
718 2461 888 2497 Nostras
916 2460 1083 2507 cupidis-

132 2515 229 2552 sime
256 2515 416 2550 haurire
439 2542 447 2557 ,
482 2519 522 2550 et
548 2515 627 2550 suis
658 2508 1004 2560 protestationibus
1038 2525 1082 2549 ac

133 2568 306 2614 obsequii
339 2567 708 2614 significationibus,
743 2578 837 2614 quas
879 2568 1081 2613 lacrymae

133 2621 331 2657 interdum
357 2621 722 2666 interrumpebant,
749 2621 788 2655 in
820 2631 990 2667 persona
1016 2620 1084 2655 hu-

135 2674 313 2710 militatis
337 2674 510 2709 Nostrae
528 2674 728 2709 Vicariam
747 2674 893 2710 Christi
912 2677 1082 2720 potesta-

136 2732 220 2765 tem
247 2728 448 2769 venerari,
467 2732 582 2774 atque
609 2727 733 2774 ipsum
761 2727 892 2763 colere
919 2728 1084 2772 Aposto-

134 2781 263 2817 lorum
293 2780 532 2827 Principem,
553 2780 661 2816 cuius
679 2780 849 2826 dignitas
869 2780 907 2814 in
926 2780 1083 2826 indigno

136 2834 228 2870 licet
253 2833 424 2870 haerede
452 2845 529 2868 non
556 2833 698 2869 deficit.
719 2834 833 2869 Hanc
861 2838 993 2868 autem
1019 2845 1084 2869 ve-

138 2887 386 2924 nerationem
414 2886 667 2922 illustriorem
700 2897 747 2922 ac
781 2886 1084 2932 splendidiorem

137 2951 291 2988 quoque
318 2940 533 2976 catholicus
572 2939 735 2986 populus
770 2939 900 2975 facere
933 2939 1085 2983 voluit,

143 2994 276 3030 missis
301 2998 342 3030 et
359 2993 488 3029 allatis
506 2993 555 3028 ad
573 2993 656 3028 Nos
674 3004 723 3029 ex
740 2994 846 3028 omni
865 2996 977 3040 parte
995 2993 1084 3030 ube-

143 3047 248 3083 ribus
275 3047 526 3094 largitionum
553 3046 746 3090 subsidiis‚
774 3047 902 3082 missis
928 3050 968 3082 et
994 3047 1086 3083 alla-

142 3102 192 3138 tis
222 3100 451 3136 muneribus
479 3099 739 3142 multitudine,
769 3100 978 3143 varietate,
1006 3112 1091 3147 pre-

143 3155 211 3198 tio,
241 3154 408 3190 artificio
435 3153 743 3196 admirabilibus,
770 3164 868 3199 quae
896 3153 984 3188 dum
1011 3153 1088 3189 No-

1118 603 1202 628 rum
1229 602 1443 638 eorumque
1473 590 1642 626 fidelium
1661 588 1902 624 subditorum
1922 597 2062 634 preces

1116 646 1229 681 enixe
1257 644 1553 691 expostulavit,
1581 643 1827 678 Allocutione
1862 641 1997 677 habita
2023 640 2059 675 in

1117 699 1321 735 Vaticanis
1346 698 1506 733 aedibus
1531 697 1593 732 dic
1619 697 1665 732 27
1689 695 1910 731 decembris
1943 693 2062 740 ipsius

1119 754 1226 795 anni,
1255 758 1297 788 ut
1322 753 1427 787 Deus
1454 751 1678 787 misericors
1706 749 1924 785 Ecclesiam
1952 758 2062 784 suam

1118 807 1381 853 glorificarem
1409 809 1448 841 et
1475 804 1757 840 Immaculatae
1775 802 1953 848 Virginis
1980 801 2064 837 Ma-

1120 860 1215 902 riae,
1237 870 1335 906 quae
1362 862 1420 894 tot
1448 863 1633 904 tantaque
1663 856 1852 893 beneficia
1878 856 1916 890 in
1943 855 2064 890 homi-

1119 925 1188 949 nes
1215 913 1367 948 conl'ert
1392 913 1429 947 in
1457 912 1597 947 illustri
1623 921 1744 958 specu
1770 908 1961 952 Lourdes,
1990 908 2066 943 Ro-

1119 978 1203 1002 sam
1230 976 1424 1009 auream,
1453 976 1476 1000 a
1501 976 1544 1000 se
1572 963 1778 999 Dominica
1804 963 1854 998 IV
1885 961 2062 1003 Quadra-

1120 1019 1294 1066 gesimae
1310 1018 1356 1054 de
1371 1029 1480 1054 more
1497 1015 1918 1060 benedictam,dicavit
1936 1017 1962 1047 1.
1983 1015 2068 1050 [no-

1165 1119 1175 1141 l
1204 1119 1259 1151 Est
1288 1120 1369 1150 Rosa
1396 1124 1493 1148 aurea
1519 1123 1643 1147 sacrum
1669 1114 1785 1146 donum
1812 1123 1848 1146 ac
1865 1114 2067 1145 sollemniter

1125 1165 1287 1197 flaminica
1311 1163 1351 1196 IV
1365 1161 1633 1201 Quatlragesiinae
1653 1169 1669 1192 a
1686 1162 1814 1191 Summo
1841 1159 1995 1191 Pontifice
2014 1159 2068 1191 be-

1125 1211 1283 1243 nedictum
1301 1235 1309 1248 ,
1343 1214 1374 1240 et
1401 1208 1450 1239 vel
1484 1215 1538 1248 per
1565 1215 1597 1237 se
1618 1230 1625 1243 ,
1653 1205 1703 1237 vel
1738 1214 1795 1247 per
1819 1214 1895 1237 suos
1929 1205 2065 1245 Legatos

1123 1255 1299 1287 Catholicis
1336 1252 1563 1295 Principibus,
1604 1251 1759 1283 Ecclesiis
1793 1250 2065 1289 cathedralibus,

1121 1302 1261 1334 emeritis
1289 1300 1427 1332 Ducibus
1446 1324 1454 1337 ,
1480 1299 1512 1329 in
1545 1296 1735 1340 praecipuae
1762 1296 1947 1328 dilectionis
1971 1305 2068 1336 argu-

1123 1351 1290 1384 mentum,
1324 1346 1468 1377 missum.
1497 1343 1580 1382 Quid
1614 1351 1727 1374 aurum
1748 1367 1756 1381 ,
1782 1350 1845 1383 quo
1879 1341 1963 1373 Rosa
1988 1341 2068 1374 haec

1121 1393 1304 1430 conficitur,
1323 1391 1441 1432 quidve
1469 1399 1595 1423 muscus
1620 1393 1652 1419 et
1669 1387 1870 1424 balsamum,
1889 1395 1971 1428 quae
1990 1395 2067 1419 con-

1124 1439 1214 1477 tinet,
1234 1443 1265 1469 et
1291 1438 1372 1474 dies,
1391 1445 1453 1477 qua
1479 1433 1693 1470 benedicitur,
1720 1433 1915 1473 significent,
1935 1434 2070 1473 exponit

1123 1486 1241 1515 Auctor
1268 1481 1535 1515 Caeremonialis
1554 1480 1628 1512 editi
1649 1479 1737 1510 iussu
1756 1478 1902 1517 Gregorii
1923 1478 1963 1514 X,
1982 1478 2066 1519 apud

1125 1529 1342 1560 Mabillonnnn
1362 1526 1462 1568 (Mus.
1485 1526 1588 1565 leat).
1608 1524 1797 1556 Franciscus
1814 1524 1947 1555 Anivitti
1961 1525 1993 1556 in
2012 1533 2070 1555 sua

1125 1574 1360 1607 Dissertatione
1385 1573 1422 1603 dc
1451 1572 1555 1603 Rosae
1582 1578 1705 1603 aureae
1723 1570 1862 1609 origine,
1887 1569 1988 1601 refert
2007 1569 2070 1600 Ho-

1124 1621 1206 1651 norii
1232 1619 1276 1651 llI
1303 1618 1478 1659 genuinum
1508 1620 1630 1648 textum
1657 1624 1746 1653 mss„
1767 1615 1853 1656 quod
1881 1615 1998 1646 Romae
2019 1623 2069 1647 as-

1124 1669 1272 1697 servatur
1299 1665 1328 1695 in
1355 1663 1553 1696 monasterio
1580 1661 1716 1693 Sanctae
1742 1659 1854 1692 Crucis
1881 1661 1918 1692 de
1956 1660 2072 1692 Hieru-

1125 1712 1240 1748 salem,
1269 1711 1299 1742 in
1327 1718 1388 1751 quo
1418 1708 1556 1748 legitur:
1585 1706 1754 1739 Hodierna
1779 1705 1831 1737 die
1859 1705 1897 1738 R.
1926 1706 1965 1737 P.
1993 1715 2071 1738 con-

1126 1757 1235 1788 suevit
1265 1756 1388 1788 Rosam
1415 1762 1559 1786 auream
1577 1754 1613 1785 iu
1631 1761 1738 1783 manu
1752 1753 1903 1792 portare.
1928 1751 2070 1792 Tempus

1127 1802 1326 1844 (minsidera)
1345 1800 1422 1842 quia
1451 1800 1484 1831 in
1501 1800 1613 1832 media
1639 1796 1940 1837 Quadrayesimae,
1959 1797 2072 1829 locum

1124 1848 1201 1890 quia
1227 1848 1262 1878 in
1287 1857 1312 1877 s.
1336 1846 1765 1886 Hierusalem,personam
1791 1843 1869 1882 quia
1895 1845 1943 1874 est
1971 1841 2074 1874 Sum-

1128 1903 1202 1925 mus¹
1230 1893 1388 1932 Pontifex
1413 1893 1444 1922 et
1468 1892 1579 1923 verius·
1607 1891 1633 1922 I.
1655 1887 1691 1920 C.
1711 1887 1768 1928 qui
1793 1889 1840 1919 est
1867 1896 1928 1918 resa
1951 1896 2073 1928 reyum

1125 1943 1155 1970 et
1185 1938 1348 1970 Dominus
1374 1936 1630 1969 dominantium
1651 1960 1658 1973 ,
1686 1934 1743 1974 qui
1776 1932 1988 1974 significatur
2012 1942 2074 1974 per

1128 1984 1265 2016 Rosam.
1304 1983 1446 2024 Tempus
1480 1979 1766 2014 considerandum
1800 1981 1847 2009 est
1884 1979 1963 2019 quia
1997 1978 2075 2010 talis

1126 2029 1323 2062 solemnitas
1349 2028 1509 2060 ordinata
1534 2027 1600 2068 fuit
1626 2035 1645 2058 a
1667 2025 1707 2056 B.
1731 2023 1888 2063 Greyorio
1904 2023 1940 2056 z'n
1959 2024 2073 2056 Domi-

1128 2077 1203 2107 nica
1228 2073 1511 2115 quadi-ayesz'mae
1532 2082 1593 2114 pro
1619 2081 1655 2103 eo
1681 2069 1766 2112 quod
1791 2070 1985 2101 humanum
2001 2079 2076 2101 cor-

1124 2130 1187 2162 pus
1216 2119 1427 2161 suppositum
1454 2122 1502 2150 est
1528 2116 1689 2151 humanis
1715 2115 1986 2157 infirmitatibus.
2015 2115 2075 2147 Te·-

1129 2170 1233 2198 statur
1260 2174 1366 2207 itaque
1384 2164 1544 2196 Honorius
1564 2163 1632 2201 ΙΙΙ,
1653 2161 1708 2204 qui
1727 2168 1883 2193 summum
1903 2161 2077 2192 Pontifica-

1131 2217 1195 2243 tum
1230 2213 1328 2251 gessit
1360 2210 1397 2241 ab
1430 2219 1483 2241 an.
1519 2209 1605 2242 1216
1638 2209 1676 2240 ad
1709 2216 1762 2239 an.
1799 2204 1910 2246 1227,
1947 2208 2076 2238 Beatum

1131 2257 1318 2297 Gregorium
1343 2257 1459 2297 Papam
1484 2254 1639 2287 eiusmodi
1658 2254 1740 2285 ritus
1759 2252 1978 2284 institutorem
1995 2251 2076 2283 fuis-

1131 2311 1177 2335 se.
1205 2302 1318 2334 Verum
1344 2310 1413 2333 cum
1440 2302 1552 2342 plures
1579 2300 1704 2332 suerint
1727 2297 1921 2336 Pontifices,
1949 2297 2077 2330 nomine

1132 2348 1303 2388 Gregorii,
1332 2348 1386 2389 qui
1414 2352 1488 2378 ante
1513 2346 1686 2378 Honorium
1715 2343 1761 2374 111
1786 2340 1937 2374 Sanctam
1963 2341 2078 2374 Sedem

1133 2393 1374 2431 obtinuerunt,
1409 2393 1575 2434 quaeritur
1600 2390 1636 2422 ab
1668 2389 1801 2421 eruditis
1821 2411 1828 2425 ‚
1855 2389 2000 2429 quisnam
2036 2390 2079 2420 sit

1133 2440 1192 2471 iste
1218 2440 1335 2471 Beatus
1363 2439 1550 2478 Gregorius.
1578 2435 1767 2468 Franciscus
1794 2433 1930 2466 Anivitti
1959 2442 2076 2466 memo-

1134 2489 1223 2516 ratus
1256 2484 1390 2526 probare
1423 2484 1554 2515 adnisus
1582 2486 1656 2518 est,
1693 2479 1791 2512 fuisse
1819 2479 1852 2512 B.
1887 2478 2077 2519 Gregorium

1134 2531 1296 2570 Magnum,
1321 2530 1458 2562 electum
1483 2527 1671 2560 Pontificem
1697 2534 1749 2557 an.
1777 2523 1865 2565 5903
1893 2524 1928 2557 P.
1954 2525 2081 2557 Incofer

1134 2576 1289 2616 originem
1314 2574 1546 2607 benedictionis
1578 2573 1681 2604 Rosae
1699 2578 1816 2602 aureae
1835 2569 1980 2609 assignat
2000 2570 2082 2601 San-

1134 2622 1193 2653 ctis
1220 2620 1375 2660 Gregorio
1402 2620 1428 2651 11
1456 2620 1505 2650 vel
1534 2618 1593 2654 III,
1623 2616 1660 2648 ab
1685 2626 1738 2648 an.
1767 2616 1830 2647 715
1857 2615 1893 2646 ad
1918 2625 1970 2647 an.
1999 2615 2081 2654 741;

1136 2667 1255 2707 Lorigo
1283 2670 1371 2698 tenet
1403 2664 1627 2696 difficillimum
1659 2670 1729 2694 esse
1764 2662 1959 2700 investigare
1984 2662 2081 2692 huius

1136 2713 1218 2744 ritus
1243 2710 1375 2743 exordia
1400 2714 1471 2741 ante
1501 2710 1535 2741 S.
1555 2708 1672 2740 Leonis
1698 2707 1738 2738 lx
1759 2710 1826 2749 (an.
1849 2705 1935 2739 1049
1962 2707 1999 2738 ad
2026 2715 2080 2738 an.

1138 2756 1237 2799 1054)
1261 2761 1422 2798 tempora;
1450 2755 1483 2786 P.
1502 2753 1627 2786 Calmet
1642 2751 1676 2784 S.
1698 2751 1835 2784 Leonem
1854 2751 1896 2783 lx
1915 2756 2081 2783 auctorem

1137 2803 1213 2835 facit
1240 2802 1336 2834 liuius
1363 2801 1464 2832 Rosae
1491 2798 1772 2837 consecrationis,
1803 2796 1949 2840 quamvis
1979 2798 2082 2830 Bene-

1137 2849 1241 2881 dictus
1269 2846 1336 2878 XIV
1361 2856 1425 2878 non
1454 2846 1589 2877 Leonem
1616 2844 1673 2881 lx,
1695 2843 1749 2875 sed
1774 2843 1870 2875 alium
1893 2842 2081 2875 Pontificem

1138 2894 1207 2925 eius
1233 2892 1510 2935 praedecessorem
1531 2915 1539 2929 ,
1567 2890 1621 2922 sed
1648 2890 1804 2921 incertum
1827 2913 1835 2926 ,
1862 2888 2083 2920 institutorem

1139 2937 1319 2970 huiusmodi
1337 2938 1559 2969 caeremoniae
1577 2935 1692 2973 tradat;
1705 2934 1794 2974 Pagi,
1813 2935 1844 2966 in
1860 2932 2081 2973 Brev.Rom.,

1139 2984 1294 3023 originem
1336 2982 1438 3014 Rosac
1476 2990 1591 3014 aureae
1624 2981 1724 3012 refert
1757 2980 1795 3011 ad
1831 2978 1992 3011 Urbanum
2028 2978 2082 3020 ll,

1142 3038 1195 3060 an.
1224 3027 1327 3060 1088.
1362 3027 1423 3059 Alii
1450 3027 1514 3059 alia
1545 3027 1582 3058 de
1609 3026 1665 3058 hac
1702 3025 1890 3066 quaestione
1924 3025 2082 3057 sentiunt.

1141 3074 1201 3105 Sed
1228 3074 1317 3104 iuvat
1344 3072 1413 3104 heic
1440 3072 1609 3109 adducere,
1626 3072 1664 3103 de
1690 3070 1785 3102 liuius
1810 3069 1884 3101 (loni
1903 3070 2030 3109 merito,
2048 3078 2086 3101 ea

1142 3127 1222 3160 quae
1248 3117 1405 3150 Callistus
1425 3118 1479 3160 Pp.
1500 3117 1544 3148 ΙΙΙ
1563 3116 1694 3158 scripsit
1711 3116 1838 3148 Rosam
1853 3122 1996 3147 auream
2014 3115 2088 3147 mit-

1146 3171 1216 3195 tens
1244 3163 1360 3195 Carolo
1388 3162 1441 3194 Vll
1468 3164 1531 3203 regi
1559 3162 1738 3195 Gallorum.
1759 3160 1831 3193 Non
1854 3161 2006 3193 muneris
2032 3169 2087 3192 ae-

147 3208 205 3244 bis
231 3207 457 3244 facultatem
485 3206 676 3252 praebent
701 3206 954 3242 subveniendi
979 3206 1091 3242 huius
1145 3208 1321 3241 stimanda
1347 3210 1396 3241 est
1419 3208 1614 3250 quantitas,
1641 3207 1746 3240 aiebat
1771 3207 1933 3244 Pontifex,
1957 3206 2013 3238 sed
2038 3206 2087 3238 al-

361 3268 623 3317 WOVTERS,
654 3269 706 3308 11.

1807 3266 1859 3305 41
