2241 3473
571 169 810 196 APPARATVS
839 169 891 195 AD
920 167 1142 195 HISTORIAM
1172 166 1504 194 ECCLESIASTICAM

56 237 162 281 tales
179 248 253 277 seu
272 233 436 277 Arabes
453 246 555 276 vere
578 246 756 288 magnus
779 245 829 274 ac
849 236 999 286 potens

55 297 144 340 fuit.
168 294 370 342 Quamvis
403 305 559 348 genere
581 291 826 340 Idumaeus,
851 303 999 331 veram

58 353 322 409 Religionem
335 353 476 394 coluit.
488 351 686 406 Simplex,
698 354 855 398 rectus.
868 350 999 391 Deum

59 415 212 456 timens
244 415 288 454 et
319 425 345 453 a
376 411 484 452 malo
512 410 733 456 recedens,
758 407 999 450 admirabile

59 471 358 515 moderationis
387 483 437 511 ac
469 469 640 525 pietatis
661 471 703 510 in
724 467 935 522 prosperis
958 469 1000 508 et

60 531 291 587 patientiae
310 543 359 571 ac
371 529 616 572 humilitatis
628 529 669 569 in
683 527 873 569 adversis
885 539 1004 580 prae-

59 590 149 632 buit
169 588 403 644 exemplum
428 592 452 629 ¹.

122 649 189 690 11.
212 649 394 702 Moyses
424 650 466 689 et
498 647 597 688 Leoe
629 646 804 699 scripta
826 643 917 699 (an.
944 656 1002 685 m.

62 708 178 750 2513
211 711 305 750 ant.
357 706 400 749 C.
436 703 742 760 1487)—Sub
775 703 1003 745 ministerio

62 768 194 810 Mosis
216 767 459 822 primaevae
482 764 714 818 Religionis
735 775 898 804 summa
915 761 1006 816 plu-

66 826 179 868 ribus
202 826 411 867 illustrata
433 827 476 865 et
498 823 670 865 evoluta
692 822 782 864 fuit.
808 822 909 876 Legi
926 834 1006 863 na-

63 885 195 928 turali
213 886 256 925 et
273 882 455 936 acceptis
473 881 768 924 traditionibus
786 881 931 923 addita
942 882 1007 922 est

64 944 136 985 lex
159 942 336 997 scripta;
357 941 493 983 cultus
511 941 678 982 divinus
697 941 838 982 multis
856 939 1006 982 ritibus

64 1007 233 1051 auctus;
267 1000 458 1042 diversae
483 999 715 1042 oblationes
737 1002 780 1041 et
800 998 1006 1041 sacrificia

65 1061 339 1116 praescripta,
363 1060 670 1101 circumcisioni
687 1058 854 1100 additus
871 1071 1007 1113 agnus

66 1119 273 1176 paschalis
293 1133 302 1169 ;
326 1120 457 1160 sacris
479 1118 678 1160 faciendis
703 1118 915 1160 destinata
937 1120 1008 1159 ta-

70 1177 318 1227 bernacula3
353 1177 599 1220 sacerdotes
633 1181 677 1220 et
709 1178 881 1219 ministri
907 1190 1007 1231 spe-

68 1238 162 1281 ciali
195 1238 360 1280 ratione
392 1237 623 1285 constituti,
646 1237 689 1277 hi
712 1250 734 1278 e
758 1237 929 1285 Levitis,
952 1236 1009 1276 illi

66 1312 89 1340 e
121 1310 276 1352 genere
315 1296 549 1338 Aaronico:
583 1309 697 1337 nova
737 1295 787 1336 de
828 1299 1010 1337 venturo

67 1357 224 1399 Messia
245 1356 446 1398 vaticinia
468 1356 593 1397 edita.
617 1355 783 1397 Etenim
805 1368 854 1397 ne
877 1368 1010 1410 popu-

68 1417 133 1458 lus
156 1415 309 1464 Israel,
332 1416 582 1456 immensum
605 1417 769 1461 auctus,
792 1415 834 1454 in
856 1414 1010 1455 mundo

70 1474 331 1517 idololatrico
364 1487 389 1515 a
420 1486 526 1515 vera
555 1473 777 1528 Religione
800 1473 1010 1521 deficeret,

71 1534 259 1590 gentium
281 1532 424 1574 usibus
447 1547 490 1574 se
514 1532 857 1575 accommodaret
882 1537 926 1575 et
948 1533 1012 1574 di-

70 1595 264 1635 vinorum
295 1594 595 1647 promissorum
617 1593 860 1634 memoriam
883 1592 1012 1633 amit-

72 1656 198 1701 teret,
222 1652 334 1693 Deus
355 1651 471 1692 illum
494 1665 648 1706 magno
670 1652 808 1706 legum
826 1655 915 1693 tum
932 1664 1016 1692 mo-

76 1711 225 1752 ralium
258 1713 347 1751 tum
381 1711 750 1752 coeremonialium
773 1714 816 1752 et
836 1710 1013 1751 iudicia-

74 1770 185 1818 lium,
209 1782 313 1823 quas
335 1770 495 1810 severis
517 1771 660 1824 poenis
679 1769 875 1817 sancivit,
893 1782 1014 1824 appa-

77 1833 172 1870 ratu
195 1828 547 1870 circumvallavit.
573 1830 745 1884 Moyses
769 1829 844 1870 Dei
875 1830 1015 1870 inter-

77 1888 264 1936 nuntius,
287 1891 484 1941 acceptas
507 1888 708 1930 divinitus
732 1889 846 1942 leges
871 1889 914 1929 et
935 1900 1015 1941 po-

72 1947 168 2002 pulo
190 1946 504 2001 promulgatas,
529 1948 569 1988 in
593 1947 709 1989 libris
733 1947 905 1994 Exodo,
929 1946 1014 1988 Le-

75 2006 226 2055 vitico,
258 2005 454 2047 Numeris
489 2009 531 2048 et
551 2006 882 2048 Deuteronomio
910 2019 1015 2047 con-

74 2065 253 2120 scripsit.

136 2123 202 2165 12.
229 2123 388 2166 Status
419 2124 748 2167 Israelitarum
778 2124 863 2167 sub
885 2124 1016 2166 Iuda·-

75 2182 203 2225 cz'bus
225 2186 267 2226 et
282 2181 485 2238 Reyz'bus
501 2207 558 2215 —
575 2183 656 2225 Sed
675 2184 869 2238 quamvis
888 2183 1018 2225 multa

76 2241 281 2284 mirabilia
297 2256 370 2297 per
382 2244 526 2285 Mosen
544 2243 657 2285 Deus
674 2243 715 2284 in
727 2242 1018 2285 Hebraeorum

78 2301 260 2356 gratiam
281 2300 468 2351 fecisset,
491 2302 534 2343 hi
555 2306 698 2345 tamen
721 2316 803 2345 non
826 2302 953 2344 semel
974 2315 1018 2343 se

79 2359 271 2416 indignos
317 2361 446 2403 tantis
477 2360 689 2404 beneficiis
719 2361 1018 2417 praebuerunt.

79 2418 177 2460 Ideo
198 2432 272 2474 per
295 2420 577 2475 quadraginta
599 2434 732 2463 annos
755 2421 867 2462 Deus
889 2434 961 2463 eos
977 2421 1020 2461 in

80 2476 246 2520 deserto
263 2481 526 2534 peregrinari
546 2479 658 2523 fecit.
684 2480 840 2523 Deinde
857 2481 899 2521 in
915 2493 1018 2534 pro-

81 2537 251 2578 missam
273 2550 299 2579 a
320 2538 406 2580 Deo
425 2539 616 2594 patribus
633 2541 719 2582 suis
737 2543 898 2582 terram
917 2538 1022 2581 Cha-

80 2608 191 2637 naan
213 2595 439 2640 introducti
459 2602 558 2641 sunt
574 2612 648 2654 per
669 2599 806 2648 Iosue,
824 2599 1020 2654 praecla-

81 2654 291 2696 rissimum
312 2659 459 2711 typum
482 2658 577 2700 Iesu
601 2658 769 2708 Christi,
793 2659 908 2700 cuius
927 2672 1020 2714 ope-

80 2726 128 2755 ra
150 2717 192 2756 et
213 2715 374 2756 meritis
395 2729 450 2757 ex
477 2717 558 2759 hac
579 2718 747 2760 mortali
768 2719 1020 2772 peregrina-

79 2774 193 2815 tione
220 2773 263 2814 in
294 2773 488 2817 coelestis
520 2777 685 2831 patriae
713 2778 1021 2832 possessionem

78 2831 369 2875 introducendi
391 2847 548 2877 sumus.

137 2891 354 2934 Israelitae
386 2893 469 2935 iam
500 2897 658 2937 terram
679 2896 927 2951 promissam
950 2897 1019 2937 in-

81 2951 230 3005 gressi,
244 2964 425 3006 suasque
437 2955 718 3008 possessiones
731 2956 920 2998 tributim
937 2969 1023 2998 sor-

81 3009 160 3058 titi,
191 3010 268 3052 sub
300 3010 424 3053 Iosue
456 3015 498 3054 et
530 3014 760 3057 senioribus
793 3016 833 3056 in
855 3015 956 3057 Fide
979 3018 1022 3058 et

82 3068 302 3124 Religione
325 3075 666 3125 perseverarunt.
689 3075 744 3116 At
761 3075 810 3116 iis
829 3075 1018 3123 mortuis,
1068 3066 1077 3069 ⁷

125 3215 133 3237 ¹
150 3215 187 3247 Cf
198 3215 307 3247 librum
323 3215 384 3246 Iol).

1845 165 1933 192 XVII

1041 231 1293 287 pedetentim
1326 230 1443 273 obliti
1475 231 1573 272 sunt
1603 227 1859 284 magnalium
1882 228 1985 279 Dei;

1042 291 1226 345 legisque
1258 291 1348 332 eius
1369 291 1646 336 immemores,
1671 288 1860 343 gentium
1882 299 1986 342 ope-

1044 364 1092 392 ra
1113 349 1357 392 didicerunt.
1375 350 1557 404 Propter
1577 346 1985 403 praevaricationem

1044 410 1084 450 in
1116 409 1296 450 hostium
1329 421 1478 449 manus
1510 407 1669 455 traditi,
1692 406 1986 448 clamaverunt

1045 467 1097 509 ad
1120 468 1352 513 Dominum,
1376 468 1444 521 qui
1465 479 1536 509 eos
1557 479 1683 521 saepe
1701 464 1894 507 liberavit
1910 478 1986 519 per

1045 527 1215 568 iudices.
1235 525 1398 568 Iudices
1420 526 1616 580 populum
1635 524 1763 567 Israel
1781 523 1986 579 guberna-

1046 589 1146 627 runt
1165 598 1190 626 a
1208 588 1342 626 morte
1360 585 1484 626 Iosue
1497 598 1627 639 usque
1641 584 1693 626 ad
1711 583 1892 630 Saulem,
1909 583 1987 638 pri-

1046 657 1158 685 mum
1175 657 1319 698 regem
1336 644 1478 685 Israel.
1497 644 1655 685 Eorum
1673 645 1796 699 gesta
1812 654 1988 684 narran-

1047 707 1119 745 tur
1139 704 1179 744 in
1200 703 1306 745 libro
1329 701 1554 744 Indicum.

1105 763 1171 804 Ex
1193 775 1273 816 quo
1295 761 1584 803 Hebraeorum
1607 763 1722 803 natio
1740 760 1985 803 monarchi-

1047 822 1084 863 ci
1105 821 1319 877 regiminis
1342 820 1478 862 forma
1500 820 1728 875 gubernari
1745 821 1896 874 coepit,
1913 833 1986 862 va-

1047 882 1133 922 rius
1166 880 1245 922 fuit
1275 880 1506 935 Religionis
1539 882 1677 921 status
1709 879 1784 920 sub
1807 879 1986 921 diversis

1049 953 1193 981 eorum
1216 940 1398 994 regibus.
1423 939 1585 980 Horum
1607 938 1675 979 alii
1697 939 1762 992 pii,
1787 939 1854 980 alii
1878 938 1989 993 impii

1049 999 1231 1040 fuerunt.
1256 998 1421 1052 Religio
1445 997 1613 1039 mirifice
1641 996 1786 1038 floruit
1808 997 1883 1038 sub
1900 997 1990 1038 Da-

1049 1058 1168 1107 vide,
1191 1059 1256 1100 cui
1280 1060 1390 1100 Deus
1413 1058 1582 1099 venturi
1604 1056 1784 1098 Messiae
1806 1058 1988 1111 promis-

1049 1119 1205 1159 sionem
1222 1117 1463 1165 renovavit,
1476 1119 1519 1158 et
1535 1117 1735 1171 pleraque
1751 1116 1839 1156 eius
1858 1117 1986 1164 vitae,

1050 1178 1268 1232 passionis,
1292 1177 1453 1225 mortis,
1477 1175 1821 1223 resurrectionis,
1840 1188 1988 1216 sacer-

1053 1237 1154 1278 dotii
1195 1236 1393 1278 adiuncta
1429 1235 1639 1277 revelavit
1657 1267 1666 1283 ,
1708 1247 1814 1288 quae
1852 1235 1993 1288 regius

1053 1295 1218 1337 Psaltes
1264 1295 1510 1349 prophetico
1559 1294 1708 1348 spiritu
1750 1293 1992 1349 posteritati

1054 1355 1370 1397 commendavit
1391 1358 1420 1395 ¹.

1115 1413 1181 1455 13.
1212 1414 1378 1467 Templ.
1412 1410 1642 1455 Hz'erosol.
1678 1410 1770 1469 (an.
1795 1425 1852 1453 m.
1876 1411 1994 1454 2992

1053 1477 1148 1516 ant.
1190 1472 1232 1515 C.
1270 1471 1398 1528 1008)
1416 1496 1473 1504 —
1488 1472 1654 1514 Floruit
1676 1472 1802 1514 etiam
1825 1471 1992 1526 Religio

1055 1532 1130 1574 sub
1159 1531 1395 1574 Salomonis
1417 1532 1554 1581 initia;
1578 1532 1647 1585 qui
1668 1544 1745 1572 rex
1769 1529 1965 1585 pacificus
1984 1563 1993 1579 ,

1055 1592 1182 1633 latius
1199 1592 1428 1645 sapientiae
1446 1590 1560 1632 sama
1577 1603 1700 1644 quam
1719 1591 1764 1632 vi
1781 1603 1995 1631 armorum

1058 1651 1289 1699 dominans,
1319 1650 1481 1706 pacifici
1509 1653 1552 1692 et
1572 1650 1865 1704 sapientissimi
1886 1649 1997 1703 regis

1060 1710 1217 1752 Christi
1252 1710 1499 1750 immensam
1535 1711 1789 1763 potestatem
1820 1721 1895 1749 seu
1926 1721 2000 1748 re-

1061 1782 1188 1824 gnum
1206 1769 1509 1824 praesignavit.
1529 1768 1649 1809 Anno
1668 1768 1787 1822 regni
1804 1768 1998 1821 suiquar-

1061 1833 1104 1870 to
1136 1828 1280 1882 templi
1318 1827 1694 1882 Hierosolymitani
1730 1825 2002 1868 fundamenta

1060 1887 1212 1941 posuit,
1237 1887 1346 1940 quod
1370 1886 1609 1928 absolutum
1631 1886 1795 1940 magnis
1814 1899 1908 1927 cum
1925 1885 2003 1926 sol-

1060 1945 1348 1987 lemnitatibus
1370 1945 1592 1988 dedicavit.
1617 1946 1777 1986 Verum
1800 1943 1999 1986 Salomon

1061 2005 1284 2046 mulierum
1317 2018 1459 2047 amore
1490 2005 1711 2053 insaniens,
1744 2004 1786 2045 in
1819 2003 2001 2045 deterius

1063 2065 1307 2106 immutatus
1330 2068 1415 2113 est,
1437 2065 1666 2119 pravisque
1695 2064 1780 2105 suis
1803 2063 2005 2118 exemplis

1063 2124 1216 2165 multos
1240 2137 1295 2165 ex
1316 2123 1449 2165 Israel
1469 2124 1676 2177 pervertit
1698 2126 1724 2164 2.

1124 2184 1190 2224 14.
1217 2182 1424 2225 Schisma
1446 2183 1596 2225 decem
1620 2181 1825 2224 tribuum
1843 2204 1900 2212 —
1918 2181 2003 2224 Sub

1064 2242 1253 2284 Roboam
1269 2275 1278 2292 ,
1301 2242 1538 2284 Salomonis
1559 2241 1643 2283 filio
1667 2244 1710 2283 et
1731 2253 1998 2290 successore,

1064 2315 1240 2356 regnum
1279 2305 1321 2344 et
1352 2301 1518 2355 Religio
1553 2301 1735 2343 schisma
1765 2299 1998 2342 subierunt.

1064 2361 1217 2402 Decem
1239 2360 1374 2403 tribus
1390 2374 1416 2402 a
1438 2360 1631 2402 Roboam
1650 2359 1913 2409 defecerunt;
1932 2359 2003 2400 Ie-

1063 2420 1234 2462 roboam
1250 2420 1324 2462 sibi
1335 2433 1482 2475 regem
1495 2420 1818 2467 constituerunt,
1836 2419 2006 2460 erectis-

1064 2492 1143 2534 que
1161 2480 1304 2522 vitulis
1326 2480 1464 2521 aureis
1487 2479 1710 2521 Dominum
1726 2478 1860 2519 Deum
1881 2490 2009 2518 suum

1063 2541 1395 2594 postposuerunt
1415 2538 1442 2580 3.
1472 2538 1596 2580 Multi
1628 2541 1769 2579 tamen
1800 2538 1910 2578 inter
1931 2549 2004 2578 eos

1063 2601 1105 2640 in
1126 2600 1218 2640 veri
1236 2599 1311 2640 Dei
1327 2599 1445 2641 cultu
1462 2597 1792 2652 perseverarunt
1808 2609 1892 2637 una
1912 2608 2007 2637 cum

1063 2658 1290 2713 prophetis,
1309 2658 1378 2712 qui
1397 2657 1564 2699 divinae
1575 2655 1815 2698 Maiestatis
1830 2667 2008 2710 praeco-

1064 2730 1138 2758 nes
1159 2719 1201 2759 et
1221 2717 1432 2758 humanae
1453 2715 1676 2771 pravitatis
1698 2717 1961 2756 correctores
1979 2727 2006 2755 a

1065 2777 1150 2818 Deo
1183 2775 1395 2825 destinati,
1427 2775 1737 2817 schismaticam
1759 2776 1928 2829 gentem
1954 2772 2008 2814 ad

1065 2837 1209 2885 Deum,
1224 2848 1345 2889 quem
1359 2834 1682 2888 dereliquerant,
1696 2845 1901 2874 revocare
1927 2845 2012 2874 non

1065 2894 1300 2937 cessabant.
1334 2894 1529 2936 Perstitit
1561 2905 1736 2948 regnum
1757 2891 1916 2940 Israel,
1940 2904 2014 2933 seu

1066 2954 1208 2996 decem
1225 2953 1518 3003 tribuum,254
1537 2953 1657 2994 annis
1674 2950 1751 2994 sub
1769 2951 1920 3007 viginti
1932 2964 2005 2993 re-

1102 3095 1119 3143 '1
1143 3094 1179 3125 ef
1197 3092 1357 3125 Psalmos
1379 3093 1418 3132 11,
1442 3094 1523 3132 xxi,
1548 3094 1669 3132 LXVIII,
1693 3093 1801 3131 LXXI,
1825 3093 1879 3131 CI,
1904 3092 2014 3130 CXVII,

1066 3136 1211 3207 CR‘2x135-'jl
1225 3177 1369 3216 Regum.

1106 3219 1120 3240 3
1135 3217 1197 3249 III
1208 3219 1289 3258 Rey.
