2241 3473
318 65 391 103 100

263 140 521 180 Pontificatus
543 139 626 186 sui,
643 149 779 177 mense
797 139 1024 181 octav0,die
1033 137 1147 174 sexto
1166 137 1206 174 et

262 206 457 233 VlceslmO.

1223 133 1228 209 l

746 71 904 98 EPOCHA
934 71 1017 97 VIII.
1051 70 1077 96 Α
1108 70 1374 97 PONTIFICATV
1403 71 1640 97 INNOCENTII
1668 71 1713 97 111

1245 134 1380 181 leucia,
1392 147 1471 185 qua
1487 135 1587 186 regii
1601 135 1770 175 ministri
1781 137 2066 177 ecclesiasticos
2080 139 2187 177 viros

1247 188 1296 224 ad
1316 189 1539 237 pendendas
1561 189 1730 228 decimas
1746 192 2034 240 compellerent.
2049 192 2098 230 In·
2111 193 2188 231 An-

314 248 376 286 75.
396 246 602 284 Ecclesiae
621 248 754 281 statas
773 243 819 281 in
839 243 1082 287 Germania,
1101 243 1202 280 Gal·
1248 240 1328 287 glia
1357 242 1495 279 eadem
1525 242 1572 280 de
1593 253 1711 280 causa
1730 243 1913 283 Eduardo
1934 245 2017 294 regi
2036 247 2187 295 aposto-

264 303 341 346 lia,
369 299 527 347 Anylia
554 302 596 334 et
621 296 832 345 Hispania
850 320 901 326 —
922 298 967 336 In
996 296 1206 335 Germania
1248 293 1323 332 lica
1342 295 1562 333 constantia
1588 296 1735 333 restitit
1763 296 1896 336 Simon
1929 298 2188 349 archiepisco-

262 352 523 401 tranquillitas
551 350 734 387 restituta
767 348 842 386 fuit
875 352 945 389 sub
975 350 1116 389 Carolo
1136 349 1205 396 IV,

262 421 283 446 e
311 405 468 444 consilio
502 403 711 441 Clementis
741 403 811 451 Pp.
833 403 889 442 VI
922 404 970 442 ad
994 402 1205 452 imperium

262 461 411 505 evecta,
441 459 484 495 ut
510 468 630 506 supra
657 456 829 494 vidimus
857 457 879 495 ¹.
909 457 1068 496 Carolus
1101 456 1205 493 enim

261 514 377 562 leges,
397 511 469 549 sibi
491 513 582 548 ante
602 509 832 548 electionem
852 523 875 548 a
891 510 1083 550 Pontifice
1098 521 1203 558 prae-

259 567 422 615 scriptas
438 593 448 610 ,
485 563 651 601 fideliter
683 563 859 602 servavit
872 593 881 609 ,
918 575 1130 614 pacemque
1167 565 1206 600 et

259 620 481 657 libertatem
510 616 682 655 ecclesiis
714 616 754 654 in
783 617 993 655 Germania
1025 616 1203 655 reddidit.

260 673 371 710 Tunc
391 671 456 721 qui
470 670 737 709 schismaticas
752 671 943 709 Ludovici
958 670 1105 709 Bavari
1121 681 1205 719 par-

259 729 316 764 tes
345 725 501 763 fuerant
529 723 687 770 sectati,
715 724 763 762 ad
784 725 832 762 R.
862 723 1065 761 Pontifieis
1088 724 1202 762 obse-

261 779 396 828 quium
426 777 576 815 reversi
605 780 707 824 sunt,
729 777 1008 816 ecclesiasticis
1032 777 1203 815 censuris

259 831 455 883 perstricti
483 830 769 869 absolutionem
797 831 1058 880 postularunt,
1093 842 1204 869 saera

261 886 325 924 ubi
344 887 456 923 erant
475 884 698 931 interdicta,
714 885 897 922 restituta
912 885 1018 930 sunt,
1039 896 1202 934 magno.-

260 952 334 989 que
354 938 526 976 omnium
543 938 684 987 gaudio
700 938 860 976 dissidia
876 937 1101 986 composita.
1119 939 1202 976 Re-

259 994 334 1032 bus
361 993 401 1030 in
435 990 648 1029 Germania
686 991 923 1040 compositis,
957 991 1119 1029 Carolus
1148 991 1202 1029 IV

258 1046 415 1086 transiit
442 1045 482 1082 in
503 1045 672 1091 Italiam,
692 1045 877 1094 postridie
907 1056 1028 1083 nonas
1049 1045 1200 1083 ianuar.

263 1099 366 1138 1355
386 1098 599 1137 Mediolani
618 1110 690 1136 rex
715 1098 1012 1148 Longobardiae
1032 1100 1072 1136 et
1091 1099 1203 1137 nonis

262 1153 396 1203 aprilis
435 1153 585 1190 Romae
613 1152 829 1201 imperator
858 1153 1064 1190 coronatus
1093 1154 1153 1190 est
1182 1164 1204 1189 a

259 1205 449 1245 cardinali
470 1206 514 1243 P.
534 1206 755 1243 Bertrando
776 1205 953 1256 episcopo
969 1205 1136 1243 Ostiens.
1153 1206 1202 1243 ad

259 1261 298 1299 id
326 1261 374 1299 ab
403 1259 628 1297 Innocentio
658 1259 850 1308 delegato.
872 1259 915 1296 In
947 1259 1200 1297 Germaniam

260 1315 398 1360 redux,
419 1325 480 1350 an.
505 1313 604 1351 1356
624 1312 663 1350 in
682 1312 850 1351 comitiis
869 1312 1203 1361 Norimbergensi-

260 1369 331 1406 bus
358 1366 628 1417 promulgavit
641 1367 886 1404 sanctionem
903 1366 1199 1416 pragmaticam,

260 1434 358 1470 quae
377 1421 510 1458 Balla
523 1431 658 1458 aurea
678 1419 781 1458 dicta
797 1421 868 1466 est,
883 1422 923 1457 et
942 1420 979 1457 in
997 1431 1076 1468 qua
1090 1420 1203 1469 plura

259 1475 539 1514 sanciebantur
549 1474 595 1511 de
608 1474 721 1511 modo
733 1473 902 1523 eligendi
913 1474 1204 1523 imperatorem,

261 1530 309 1567 de
319 1527 658 1566 administratione
673 1526 829 1577 imperii
842 1527 1032 1574 vacantis,
1048 1528 1094 1564 de
1111 1527 1205 1564 iuri-

261 1584 346 1629 bus,
366 1580 512 1627 offieiis,
532 1582 572 1618 et
592 1580 727 1618 ordine
746 1580 977 1627 electorum,
997 1581 1063 1629 qui
1082 1581 1107 1618 7
1127 1593 1204 1618 nu-

263 1636 528 1682 merabantur3
541 1634 725 1672 nimirum
740 1634 1023 1684 archiepiscopi
1044 1634 1206 1683 Mogun-

264 1691 382 1737 tinus,
403 1688 649 1726 Trevirensis
664 1689 704 1725 et
718 1688 969 1734 Coloniensis,
985 1688 1066 1725 dux
1087 1688 1206 1726 Saxo-

265 1744 366 1791 niae,
405 1754 476 1780 rex
509 1741 732 1788 Bohemiae,
762 1753 890 1780 comes
923 1741 1130 1779 Palatinus
1168 1743 1208 1780 et

265 1796 437 1836 marchio
468 1795 825 1845 Brandeburgicus.
856 1795 963 1833 Idem
996 1795 1207 1844 imperator

266 1863 329 1889 an.
353 1849 455 1889 1359
475 1850 627 1899 insigne
646 1849 820 1887 edictum
840 1848 1108 1899 promulgavit
1136 1861 1205 1898 pro

268 1903 494 1942 defensione
520 1902 712 1941 libertatis
733 1905 772 1940 et
790 1902 1067 1940 iurisdictionis
1087 1902 1208 1941 eccle-

266 1957 448 1996 siasticae
468 1958 604 1995 contra
633 1956 855 1995 saeculares
884 1957 1138 2005 magistratus
1168 1958 1208 1993 et

268 2011 456 2057 dominos;
485 2022 546 2048 an.
572 2010 670 2049 1368
700 2011 748 2048 ab
777 2010 935 2048 Urbano
965 2010 1036 2059 Pp.
1066 2010 1114 2057 V,
1141 2009 1207 2058 qui

267 2067 360 2103 tunc
380 2076 467 2101 cum
488 2063 746 2102 cardinalium
766 2063 929 2113 collegio
948 2064 1116 2101 Romam
1137 2075 1206 2112 pe-

267 2118 400 2164 tierat,
429 2117 703 2167 interpellatus
728 2117 917 2155 adversus
936 2117 1209 2155 Bernabonem

268 2171 538 2210 vicecomitem
579 2171 925 2217 Mediolanensem,
964 2170 1029 2219 qui
1063 2170 1208 2208 multas

268 2225 426 2264 ditionis
445 2223 672 2274 pontificiae
693 2224 874 2262 civitates
891 2225 938 2262 ad
960 2224 1207 2262 rebellionem

269 2279 478 2325 excitarat,
488 2278 758 2316 Bernabonem
770 2277 808 2315 in
820 2278 993 2315 ordinem
1005 2278 1154 2328 redegit
1169 2279 1208 2315 et

269 2334 408 2372 cuncta
429 2332 477 2371 R.
493 2331 690 2370 Ecclesiae
705 2331 804 2377 iura,
821 2343 844 2369 a
858 2330 1031 2369 factiosis
1047 2335 1207 2381 pertur-

268 2388 374 2434 bata,
395 2385 568 2424 restituit
587 2384 913 2433 confirmavitque
934 2383 961 2423 ².

322 2441 366 2479 In
387 2439 517 2478 Gallia
537 2440 577 2477 et
604 2438 747 2488 Anglia
776 2450 909 2476 rerum
930 2437 1211 2476 ecclesiastica-

269 2506 355 2533 rum
377 2506 422 2532 ac
437 2492 614 2530 civilium
630 2491 880 2541 prosperitati
897 2491 1105 2529 obstabant
1126 2492 1208 2529 dis-

269 2549 368 2587 sidia
389 2549 429 2585 et
447 2546 562 2592 bella,
582 2557 683 2594 quae
700 2545 803 2583 inter
820 2546 1022 2594 utriusque
1039 2545 1209 2594 regionis

269 2613 382 2651 reges
403 2600 537 2638 multis
557 2599 668 2637 annis
684 2599 912 2637 continuata
927 2602 1028 2637 sunt.
1046 2599 1210 2637 Frustra

271 2657 356 2694 RR.
379 2653 591 2693 Pontifices
611 2652 856 2691 concordiam
878 2651 1081 2690 interillos
1103 2652 1210 2690 resti-

271 2712 380 2746 tuere
400 2709 615 2746 tentarunt.
635 2707 734 2744 Tum
755 2706 793 2744 in
815 2705 943 2744 Gallia
962 2708 1047 2743 tum
1067 2706 1104 2743 in
1122 2707 1208 2744 An-

269 2762 348 2812 glia
369 2774 495 2811 reges,
516 2773 563 2798 ne
584 2760 891 2799 intermitterent
911 2758 1068 2805 bellum,
1088 2771 1209 2808 popu-

270 2816 325 2853 los
345 2827 433 2853 suos
463 2814 644 2853 oneribus
665 2814 899 2864 gravabant,
915 2814 954 2850 et
970 2813 1018 2850 ab
1034 2812 1209 2850 ecclesiis

270 2872 389 2918 atque
410 2869 560 2907 clericis
581 2868 751 2906 decimas
771 2867 994 2917 exigebant.
1017 2866 1208 2903 Innocen-

268 2923 347 2961 tius
377 2923 445 2972 Pp.
467 2922 521 2959 VI
542 2921 643 2959 datis
663 2922 711 2959 ad
734 2922 916 2959 Ioannem
938 2931 1070 2969 regem
1091 2919 1208 2957 Fran-

269 2988 404 3014 corum
433 2976 577 3014 littcris
606 2975 782 3025 graviter
807 2976 966 3023 questus
986 2976 1045 3012 cst
1064 2973 1109 3011 dc
1132 2973 1209 3010 vio-

273 3046 276 3048 ’
312 3058 321 3078 ¹
339 3046 479 3097 Pagsffls

310 3098 489 3173 Julaytna'ld.
507 3100 544 3132 ad
574 3109 620 3133 an.
648 3098 786 3139 1316-683
803 3099 937 3131 Goldast.
958 3098 1128 3132 Constitui.
1146 3098 1208 3129 im-

268 3150 361 3181 peria
378 3165 384 3174 .
415 3168 420 3173 .
454 3167 459 3173 .

1248 359 1318 396 pus
1347 348 1653 396 Cantuariensis3
1683 349 1820 387 deinde
1844 351 1950 390 inter
1968 363 2034 390 eos
2052 364 2188 390 conve-

1247 400 1316 446 nit,
1339 403 1382 438 ut
1402 401 1531 440 clerus
1550 414 1627 439 non
1648 414 1871 451 sexennem,
1890 407 1932 443 ut
1950 417 2019 444 rex
2041 417 2187 455 exege-

1245 456 1320 500 rat,
1337 455 1404 492 sed
1420 456 1575 493 unicam
1589 455 1778 493 decimam
1793 457 1998 496 conferret.
2012 459 2189 497 Tandem

1245 518 1346 544 anno
1389 508 1501 555 1360,
1531 512 1765 558 procurante
1791 510 2014 549 Andronico
2047 513 2189 550 abbate

1246 560 1492 599 Cluniacensi
1510 592 1519 608 ‚
1548 574 1623 611 pax
1653 562 1757 600 inter
1775 563 1959 602 Ioannem
1978 564 2129 603 Galliae
2149 567 2189 603 et

1247 614 1402 652 Eduard
1410 627 1473 652 um
1490 615 1546 653 III
1561 615 1728 664 Angliae
1745 627 1857 664 reges
1869 618 2084 666 composita
2098 618 2186 657 fuit.

1298 667 1342 704 In
1352 668 1540 717 Hispania
1553 669 1696 707 Petrus
1709 681 1780 707 rex
1790 670 1984 708 Castellae
1999 674 2040 709 et
2055 671 2190 721 Legio-

1247 719 1317 767 nis,
1339 722 1569 770 cognomine
1592 722 1786 769 Crudelis,
1802 723 1867 772 qui
1886 735 1947 762 an.
1972 724 2072 763 1350
2087 724 2188 774 patri

1245 785 1313 811 suo
1353 774 1550 824 Alphonso
1585 775 1644 813 XI
1674 777 1890 822 successit,
1921 789 1983 815 res
2011 777 2189 827 publicas

1244 827 1420 875 graviter
1449 829 1719 878 perturbavit3
1749 829 1929 879 impurus
1957 842 2002 868 ac
2030 842 2192 879 saevus,

1244 879 1431 919 Blancam
1460 882 1680 932 legitimam
1719 884 1926 933 coniugem
1948 884 2193 934 repudiavit,

1243 934 1441 972 custodiae
1470 936 1632 974 tradidit
1653 939 1693 974 et
1712 940 1847 984 postea
1868 949 2017 975 veneno
2037 937 2189 976 intere-

1245 988 1336 1034 mit3
1357 989 1580 1037 proceribus
1600 991 1639 1027 et
1659 990 1794 1039 regina
1815 993 1940 1028 matre
1960 1003 2053 1028 eum
2073 991 2122 1029 ad
2137 990 2192 1029 of·

1243 1040 1373 1079 ficium
1398 1042 1581 1080 reducere
1601 1043 1846 1090 conantibus,
1865 1043 1994 1082 factus
2015 1046 2074 1082 est
2092 1044 2192 1082 infe-

1244 1094 1352 1141 stior,
1372 1095 1579 1145 pluresque
1596 1096 1703 1134 viros
1718 1096 1911 1146 principes
1928 1097 2099 1136 interfici
2114 1097 2194 1136 ius-

1245 1148 1314 1195 sit;
1336 1160 1397 1186 an.
1422 1149 1523 1188 1357
1544 1150 1582 1187 in
1603 1149 1705 1188 bello
1721 1152 1857 1188 contra
1872 1151 2040 1189 Petrum
2056 1163 2192 1200 regem

1243 1202 1466 1251 Aragoniae
1478 1203 1677 1253 ingentem
1689 1204 1838 1241 cladem
1852 1216 2071 1254 perpessus,
2083 1205 2192 1243 Mau-

1245 1266 1376 1292 rorum
1415 1257 1544 1306 copias
1573 1257 1612 1294 in
1641 1257 1833 1295 auxilium
1863 1259 2021 1296 vocavit
2050 1269 2192 1307 magno

1243 1309 1446 1357 religionis
1485 1311 1724 1349 christianae
1755 1312 1896 1359 probro
1930 1313 1970 1349 et
2012 1311 2194 1361 periculo.

1246 1362 1495 1401 Innocentius
1529 1364 1598 1413 Pp.
1635 1364 1690 1402 VI
1725 1376 1888 1402 saevum
1916 1363 2194 1414 impurumque

1245 1416 1459 1466 principem
1489 1429 1559 1466 per
1587 1419 1736 1466 legatos
1766 1430 1856 1456 suos
1877 1419 2028 1467 saepius
2049 1419 2193 1456 excita·

1245 1469 1304 1507 vit
1332 1470 1569 1520 monuitque,
1587 1473 1630 1508 ut
1649 1471 1698 1508 ad
1718 1471 1891 1510 iustitiae
1926 1475 1966 1509 et
1985 1472 2192 1521 aequitatis

1246 1522 1418 1561 officium
1437 1524 1592 1562 rediret.
1615 1524 1712 1562 Cum
1729 1525 1871 1563 Petrus
1889 1536 2043 1574 semper
2065 1525 2114 1563 ad
2135 1526 2195 1563 de-

1245 1576 1391 1615 teriora
1417 1577 1629 1624 laberetur,
1650 1578 1883 1616 Guilielmus
1908 1578 2118 1617 cardinalis
2146 1579 2199 1617 le-

1247 1632 1363 1679 gatus
1401 1642 1489 1668 eum
1529 1631 1777 1669 anathemate
1805 1632 1998 1681 perculit,
2028 1643 2196 1681 regnum

1245 1683 1439 1722 Castellae
1483 1685 1688 1723 interdicto
1730 1685 1916 1732 subiecit,
1969 1685 2197 1735 cunctisque

1248 1737 1481 1787 principibus
1493 1738 1703 1787 prohibuit,
1717 1751 1765 1776 ne
1781 1739 1900 1776 Petro
1915 1739 2107 1777 auxilium
2124 1738 2196 1777 fer-

1247 1793 1348 1829 rent.
1379 1792 1554 1830 Tandem
1583 1804 1644 1830 an.
1674 1792 1777 1831 1369
1797 1792 1939 1831 Petrus
1959 1793 2009 1830 ab
2030 1792 2197 1831 Henrico

1248 1844 1388 1882 comite
1417 1845 1698 1884 Trastamarae
1732 1845 1772 1883 in
1808 1846 1908 1883 bello
1933 1846 2063 1885 victus
2083 1849 2123 1884 et
2141 1858 2200 1884 oc-

1248 1899 1349 1936 cisus
1368 1901 1437 1936 est.
1463 1899 1543 1937 Sub
1565 1899 1732 1937 Henrico
1753 1901 1887 1937 autem
1905 1899 2023 1938 huius
2042 1899 2198 1937 nomine

1248 1952 1284 1989 ΙΙ
1315 1954 1355 1990 et
1380 1953 1450 1990 sub
1472 1953 1614 1990 Ioanne
1633 1953 1651 1990 I
1671 1953 1754 1991 eius
1773 1953 1854 1990 filio
1875 1954 1990 2002 atque
2012 1964 2074 1991 an.
2099 1953 2198 1992 1379

1249 2017 1483 2053 successore,
1503 2018 1667 2056 regnum
1687 2006 1880 2044 Castellae
1899 2006 2106 2056 pristinum
2131 2018 2196 2044 or-

1249 2059 1378 2097 dinem
1399 2060 1722 2109 splendoremque
1744 2059 1893 2109 recepit
1908 2058 1932 2098 ¹.

1301 2114 1363 2151 76.
1386 2113 1592 2152 Ecclesiae
1615 2113 1795 2151 Graecae
1815 2118 1948 2151 status
1964 2135 2015 2142 —
2037 2112 2200 2163 Conspe·

1250 2166 1377 2204 ximus
1411 2178 1530 2216 supra
1546 2196 1556 2214 ,
1593 2167 1770 2204 unionem
1804 2166 1988 2204 ecclesiae
2021 2167 2200 2205 Graecae

1249 2232 1338 2258 cum
1371 2220 1525 2265 Latina,
1542 2221 1580 2257 in
1605 2219 1768 2258 concilio
1789 2220 2042 2269 Lugdunensi
2064 2220 2100 2259 ΙΙ
2125 2220 2201 2258 ini-

1249 2275 1330 2311 tam
1346 2271 1373 2319 ²,
1403 2285 1477 2310 non
1512 2273 1629 2311 fuisse
1667 2273 1859 2311 stabilem.
1873 2273 2122 2312 Andronicus
2141 2274 2200 2321 II,

1249 2327 1314 2375 qui
1343 2326 1527 2365 Michaeli
1555 2326 1658 2376 patri
1679 2339 1748 2365 suo
1769 2339 1830 2365 an.
1857 2327 1958 2365 1283
1978 2327 2017 2365 in
2036 2327 2199 2378 imperio

1251 2381 1397 2418 Graeco
1413 2381 1613 2426 successit,
1625 2392 1775 2419 omnem
1793 2381 2033 2419 cumLatina
2045 2392 2112 2419 seu
2125 2381 2201 2419 Ro-

1252 2434 1577 2472 mano-catholica
1607 2434 1784 2472 Ecclesia
1815 2434 2059 2473 concordiam
2078 2435 2199 2472 abru-

1252 2487 1320 2536 pit,
1349 2487 1619 2526 schismaticos
1641 2488 1840 2538 episcopos
1859 2500 1882 2525 a
1901 2489 2013 2538 patre
2032 2488 2174 2526 eiectos
2191 2517 2201 2534 ,

1251 2540 1451 2588 restituit,
1480 2543 1520 2578 ct
1550 2542 1768 2580 unionistas
1798 2542 2009 2580 insectatus
2034 2544 2103 2580 est.
2123 2541 2198 2579 An-

1251 2595 1431 2632 dronicus
1460 2595 1531 2640 III,
1561 2595 1628 2644 qui
1656 2608 1717 2633 an.
1744 2595 1844 2633 1327
1865 2595 2015 2633 deiecto
2035 2607 2110 2633 avo
2129 2607 2199 2633 suo

1250 2648 1473 2686 Andronico
1505 2649 1553 2694 II,
1576 2648 1782 2697 imperium
1805 2648 1992 2698 arripuit,
2012 2660 2073 2687 an.
2097 2648 2198 2688 1339

1250 2701 1399 2751 legatos
1420 2702 1526 2740 misit
1546 2703 1593 2740 ad
1616 2702 1872 2740 Benedictum
1897 2702 1963 2752 Pp.
1981 2701 2058 2740 XII
2074 2702 2121 2739 de
2137 2713 2199 2740 ne-

1250 2755 1354 2804 gotio
1375 2756 1528 2794 unionis
1545 2757 1644 2794 etde
1661 2756 1885 2807 accipiendo
1901 2755 2199 2794 contraTurcas

1250 2809 1396 2847 auxilio
1426 2812 1674 2848 tractaturos.
1707 2811 2000 2859 Proposuerunt
2028 2808 2084 2846 illi
2104 2821 2197 2847 con-

1251 2863 1495 2901 vocationem
1524 2863 1683 2901 Concilii
1713 2862 1921 2912 generalis,
1952 2862 1991 2899 in
2027 2874 2102 2912 quo
2131 2863 2201 2900 do-

1252 2916 1377 2954 ctrina
1411 2917 1457 2954 de
1492 2917 1737 2966 processione
1757 2915 1925 2966 Spiritus
1953 2916 1991 2954 S.
2017 2915 2199 2965 aliaeque

1251 2970 1499 3008 dissidiorum
1529 2982 1672 3008 causae
1692 2970 1990 3008 discuterentur.
2012 2969 2196 3008 Pontifex

1251 3036 1343 3062 vero
1364 3024 1575 3073 respondit,
1597 3036 1671 3062 non
1693 3035 1741 3062 ex
1763 3036 1805 3062 rc
1826 3035 1921 3070 esse,
1943 3023 2083 3071 dogma
2109 3022 2198 3060 fidei

1293 3141 1299 3162 ¹
1320 3140 1465 3177 Mariana,
1481 3137 1560 3171 [list.
1577 3137 1708 3180 Hispan.
1725 3138 1754 3170 .l.
1771 3137 1855 3170 xvll.
1871 3153 1906 3158 —
1920 3136 1934 3157 2
1952 3136 2016 3168 Vid.
2036 3146 2065 3177 p.
2087 3136 2135 3169 75.
