2241 3473
292 165 344 204 38

239 250 357 289 quam
374 237 484 276 libris
503 238 591 275 octo
606 235 826 274 elaboravit
842 234 1089 272 doctissimus
1104 233 1186 271 Ori-

239 303 368 342 genes.
390 291 524 329 Celsus
550 290 586 327 in
606 289 705 326 libro
725 300 807 333 suo,
831 289 1021 335 quantum
1039 299 1087 324 ex
1103 287 1185 325 eius

238 344 474 383 refutatione
504 342 632 391 colligi
663 342 813 389 potest,
831 344 916 377 tum
936 339 1043 378 falsis
1064 351 1186 378 asser-

237 397 406 435 tionibus
426 399 512 434 tum
534 393 738 432 calumniis
759 395 799 430 et
818 393 999 443 malignis
1014 393 1185 442 Scriptu-

238 462 372 488 rarum
394 447 679 487 detorsionibus
699 447 942 496 oppugnavit
960 446 1185 494 historiam,

239 503 493 552 religionem,
515 511 716 548 moresque
745 500 980 537 Iudaeorum
1009 502 1049 538 et
1068 500 1185 538 Chri-

238 557 461 594 stianorum.
473 554 620 591 Mosem
637 555 676 590 et
684 553 882 591 Christum
894 565 1103 603 aggressus
1116 555 1187 600 est;

239 609 441 656 utriusque
471 607 686 644 doctrinam
707 607 875 644 contulit
901 619 989 644 cum
1009 607 1188 644 doctrina

239 661 525 711 pilosophorum
539 689 548 706 ,
569 660 671 697 hanc
691 659 1070 709 illianteponendam
1091 672 1187 697 con-

237 715 412 752 tendens.
425 713 619 752 Miracula
639 713 783 751 Christi
804 715 845 751 et
873 715 956 752 eius
985 713 1187 763 discipulo-

235 779 323 805 rum
343 779 418 804 non
441 767 624 816 negabat,
640 767 707 804 sed
722 766 875 816 magiae
891 767 1101 805 tribuebat.
1119 767 1189 804 Fa-

236 822 411 866 tebatur,
432 820 629 858 Christum
655 832 743 857 eum
764 819 939 868 viveret,
954 833 1098 870 paucos
1113 821 1188 858 ha·-

237 873 366 912 buisse
382 873 688 923 discipulos,post
700 873 917 922 passionem
930 886 1024 912 vero
1040 876 1079 912 et
1093 885 1189 911 mor-

236 928 315 965 tem
331 927 513 965 habuisse
539 926 777 974 innumeros,
805 927 871 976 qui
892 939 982 965 eum
1004 929 1045 965 ut
1066 928 1190 965 Deum

236 980 630 1028 adorabant,ideoque
641 981 689 1018 ad
700 983 863 1018 cruenta
874 980 1061 1030 supplicia
1073 980 1190 1018 fuisse

236 1034 451 1072 damnatos.
466 1033 706 1071 Christianos
723 1033 866 1071 nullius
886 1034 1059 1072 criminis
1081 1046 1190 1072 accu-

235 1088 360 1134 sabat,
375 1087 446 1125 nisi
468 1087 570 1136 quod
590 1090 725 1125 contra
743 1087 896 1136 imperii
915 1088 1021 1137 leges
1042 1087 1191 1125 occulte

237 1140 508 1187 convenirent,
537 1140 629 1178 deos
646 1143 886 1189 spernerent,
906 1141 1117 1179 simulacra
1132 1141 1193 1178 de-

235 1195 487 1232 testarentur.
509 1193 599 1231 Alia
623 1206 698 1231 non
724 1206 862 1243 pauca,
891 1194 1051 1232 veritati
1083 1194 1191 1231 chri-

236 1247 387 1285 stianae
404 1247 618 1296 Religionis
638 1248 773 1285 contra
789 1247 1041 1294 recentiores,
1059 1248 1193 1285 adver-

237 1300 359 1339 sarios
384 1300 676 1338 confirmandae
697 1300 826 1347 utilia,
848 1300 1047 1339 confessus
1069 1303 1128 1339 est
1149 1300 1174 1339 ¹.

295 1354 354 1392 12.
376 1354 416 1392 S.
438 1354 597 1392 Iustz'nz'
615 1355 955 1392 initia—Divina
975 1354 1190 1404 providen-

234 1407 303 1454 tia,
324 1419 424 1456 quae
444 1407 666 1445 Ecclesiam
685 1419 709 1444 a
730 1407 1055 1457 multigeneribus
1075 1407 1189 1445 hosti-

236 1461 305 1499 bus
325 1461 549 1510 impugnari
569 1461 767 1509 permisit,
788 1461 893 1499 omni
915 1461 1033 1499 etiam
1058 1463 1190 1498 aetate

234 1513 414 1564 egregios
429 1514 534 1552 illius
551 1514 726 1552 vindices
742 1514 1020 1563 excitavit,qui
1036 1514 1190 1564 seriptis

236 1567 470 1606 doctissimis
497 1567 755 1605 christianam
777 1567 1025 1617 Religionem
1044 1580 1191 1617 propu-

235 1623 429 1670 gnarunt,
457 1623 496 1658 et
516 1621 834 1659 adversariorum
854 1621 1070 1659 calumnias
1083 1651 1092 1667 ,
1112 1621 1191 1659 dic—

235 1675 335 1712 teria
364 1677 404 1712 et
434 1674 672 1712 obiectiones
701 1673 1020 1712 confutaverunt.
1043 1675 1102 1712 Ex
1132 1675 1190 1712 his

237 1727 311 1766 fuit
330 1740 359 1766 s.
381 1728 576 1773 Iustinus,
599 1728 848 1777 philosophus
868 1730 908 1765 et
927 1731 1102 1776 martyr3
1124 1728 1189 1776 qui

235 1781 404 1830 Neapoli
424 1781 463 1818 in
483 1781 662 1819 Samaria
682 1781 908 1830 parentibus
935 1781 1064 1819 clarae
1093 1781 1187 1818 stir-

236 1834 308 1884 pis,
327 1835 395 1872 sed
417 1835 580 1872 ethnicis
600 1837 714 1872 natus
728 1864 736 1880 ,
753 1838 836 1883 post
854 1833 1079 1872 litterarum
1108 1837 1189 1872 stu-

237 1887 344 1925 dium
366 1889 632 1936 assequendae
649 1899 766 1925 verae
786 1887 1002 1936 sapientiae
1022 1900 1090 1926 seu
1110 1888 1189 1937 phi-

236 1941 433 1990 losophiae
450 1941 640 1979 desiderio
657 1942 828 1978 omnium
851 1941 931 1979 fere
947 1942 1189 1990 philosopho-

237 2006 337 2041 rum,
353 1994 586 2041 Stoicorum,
607 1995 973 2044 Peripateticorum,
992 1996 1190 2043 Pythago-

238 2059 408 2095 reorum,
425 2048 718 2085 Platonicorum
738 2048 889 2085 scliolas
906 2048 1101 2086 delibavit.
1119 2049 1190 2086 De-

236 2113 346 2139 mum
373 2101 615 2139 sermonibus
640 2101 843 2139 cuiusdam
864 2102 1103 2139 venerabilis
1123 2114 1188 2139 se-

237 2155 311 2202 nis,
332 2166 446 2203 quem
466 2155 505 2192 in
533 2154 742 2192 solitudine
763 2155 867 2192 eirca
896 2167 1004 2192 mare
1033 2155 1190 2192 obvium

237 2207 390 2255 habuit,
410 2208 458 2245 ad
485 2208 714 2245 nobiliorem
735 2220 779 2245 ac
807 2208 1040 2245 diviniorem
1069 2208 1189 2257 philo-

236 2261 429 2310 sophiam,
463 2261 714 2299 christianam
745 2273 904 2310 nempe,
926 2261 1104 2299 incensus
1122 2291 1131 2308 ,
1151 2264 1191 2299 et

237 2314 541 2352 christianorum
570 2316 608 2352 in
629 2314 870 2363 perferendis
890 2327 958 2363 pro
979 2315 1075 2352 Fide
1096 2327 1190 2364 sup-

236 2368 360 2418 pliciis
380 2368 558 2406 miranda
589 2368 776 2417 patientia
792 2370 832 2405 et
847 2368 1000 2405 heroica
1017 2372 1190 2405 constan-

235 2422 291 2460 tia
312 2424 522 2471 permotus,
555 2421 708 2459 Christo
730 2433 867 2458 nomen
891 2422 1009 2468 dedIt,
1031 2421 1189 2470 eiusque

239 2475 386 2522 Fidem,
409 2475 799 2513 sincerissimamcnle
815 2475 1015 2524 amplexus
1032 2476 1101 2512 est.
1116 2476 1188 2512 Ex-

239 2528 329 2566 inde
355 2528 626 2566 ardentissimo
647 2527 775 2565 animo
802 2532 841 2565 et
869 2540 999 2566 sacras
1020 2528 1190 2566 Litteras

240 2581 500 2631 perscrutari,
522 2583 562 2619 et
581 2593 714 2619 earum
745 2581 965 2629 magistros,
986 2581 1190 2630 Apostolo-

241 2646 330 2673 rum
360 2635 567 2685 discipulos
595 2637 635 2672 et
655 2646 917 2680 successores,
938 2635 1072 2672 audire
1100 2646 1188 2671 coe-

241 2689 310 2738 pit,
331 2691 375 2727 ut
399 2689 447 2726 ad
472 2688 728 2726 exantlandos
748 2687 818 2725 Dei
839 2699 959 2725 causa
979 2688 1131 2725 labores
1151 2691 1190 2725 et

243 2743 445 2780 subeunda
472 2754 559 2780 eum
589 2741 825 2779 adversariis
860 2741 1075 2778 certamina
1103 2741 1188 2778 ido-

242 2807 360 2833 neum
375 2808 415 2833 se
432 2797 661 2845 praestaret.
677 2795 830 2837 Quanto
848 2796 981 2832 autem
999 2795 1127 2832 animo
1145 2806 1189 2831 ac

242 2848 391 2886 virtute
419 2849 458 2886 id
487 2848 754 2898 praestiterit,
784 2859 854 2897 per
882 2848 1091 2885 decursum
1117 2859 1188 2897 pa-

244 2902 341 2940 tebit
360 2902 385 2940 ².

295 2955 355 2993 13.
377 2955 581 2993 Ecclesiae
609 2960 740 2993 status
767 2955 841 2993 sub
861 2956 1074 2992 Antonino
1095 2954 1186 3007 ((ιη.

245 3008 340 3060 138)
354 3009 660 3047 —Hadrianum
681 3021 780 3046 anno
804 3008 877 3046 138
898 3009 1118 3047 extinctum
1148 3010 1186 3046 in

282 3125 292 3147 ¹
310 3126 347 3156 Cf
369 3126 492 3166 Origcn.
509 3125 525 3156 l.
542 3125 608 3156 VIII
625 3130 749 3155 contra
764 3124 914 3159 Cels-mm
929 3125 1064 3164 liei-giem
1086 3124 1189 3157 Trai-

244 3166 277 3198 τό
289 3167 369 3198 hist.
385 3168 532 3206 doymat.
551 3171 568 3197 t.
588 3167 667 3204 vm,
684 3167 825 3205 'sournay
847 3166 930 3197 1⁸27.

246 3208 350 3283 ϋοῖῃὲἑῐ
362 3211 391 3241 P.
408 3211 527 3249 Illaran,
548 3207 627 3240 Vita
642 3219 668 3240 s.
685 3207 831 3246 luscini,
843 3208 872 3240 in
888 3208 1039 3249 Operum
1051 3209 1115 3240 eius
1128 3209 1188 3240 edi-

748 171 902 199 EPOCHA
930 171 973 198 11.
1002 170 1030 197 A
1057 170 1196 197 MORTE
1226 168 1257 197 S.
1286 168 1452 197 IOANNIS
1481 169 1676 198 APOSTOLI

1227 233 1394 283 imperio
1413 245 1574 272 romano
1609 234 1765 284 excepit
1787 235 2008 274 Antoninus
2033 247 2178 285 cogno-

1230 286 1331 324 mine
1352 287 1463 333 Pius,
1483 287 1550 336 qui
1575 299 1700 336 usque
1720 288 1769 325 ad
1799 300 1946 326 annum
1969 288 2042 326 161
2063 289 2181 338 impe-

1229 340 1333 377 ravit
1353 344 1393 377 et
1416 343 1576 389 propter
1597 341 1834 389 aequitatem
1861 354 1907 379 ac
1932 341 2180 380 clementiam

1229 395 1538 431 commendatur.
1567 394 1847 431 Verumtamen
1878 394 2068 443 prioribus
2097 394 2180 433 eius

1228 446 1379 496 imperii
1398 447 1509 485 annis
1522 446 1721 484 christiani
1734 459 1756 484 a
1766 448 2050 496 persecutione,
2062 459 2181 496 quam

1229 499 1375 548 privati
1391 502 1430 538 et
1447 501 1700 550 magistratus
1716 500 1764 538 iis
1779 499 2008 548 inferebant,
2019 501 2181 538 minime

1228 553 1343 591 liberi
1373 552 1542 592 fuerunt.
1566 554 1727 591 Constat
1753 554 1792 590 id
1821 565 1871 591 ex
1892 554 2082 603 Apologia
2109 566 2132 592 a
2151 565 2181 592 s.

1230 607 1382 644 Iustino
1408 607 1481 656 ipsi
1500 608 1697 645 Antonino
1716 607 1944 656 imperatori
1964 607 2118 654 oblata,
2138 609 2183 645 ut

1229 672 1320 697 mox
1338 660 1576 707 videbimus3
1593 673 1613 698 e
1634 661 1760 698 veteri
1777 659 2026 708 inscriptione
2044 672 2073 699 s.
2086 660 2181 698 Ale-

1231 714 1393 760 xandro,
1415 715 1485 751 sub
1502 714 1700 751 Antonino
1720 713 1956 762 martyrium
1976 725 2102 762 passe,
2120 725 2184 762 po-

1230 767 1305 804 sita
1324 770 1363 805 et
1382 767 1421 804 in
1437 768 1674 805 coemeterio
1692 767 1842 806 Callisti
1857 769 2014 816 reperta
2032 765 2064 814 1;
2080 768 2120 804 et
2134 779 2183 805 ex

1231 820 1328 858 actis
1358 820 1544 870 martyrii
1573 833 1600 859 s.
1628 821 1846 859 Felicitatis
1867 822 1907 858 et
1925 821 2072 870 septem
2097 820 2183 858 eius

1231 873 1422 920 filiorum,
1443 874 1508 923 qui
1542 873 1647 912 iussu
1676 873 1885 921 Antonini,
1913 874 1962 911 ab
1989 873 2183 911 idolorum

1229 927 1496 965 sacerdotibus
1525 927 1564 964 in
1593 927 1834 965 Christianos
1863 927 2054 974 excitati,
2073 926 2182 965 Fidei

1231 993 1352 1018 causa
1371 980 1491 1019 variis
1512 981 1707 1030 suppliciis
1732 980 1863 1018 affecti
1883 979 2043 1018 fuerunt
2057 978 2084 1018 ².

1287 1034 1346 1072 14.
1364 1035 1567 1083 Apoloyia
1579 1034 1606 1073 I
1616 1047 1644 1072 s.
1658 1033 1904 1072 luscini—S.
1916 1033 2103 1080 Iustinus,
2116 1033 2182 1082 qui

1231 1087 1375 1136 optime
1402 1090 1565 1125 noverat
1583 1099 1724 1136 pravas
1743 1087 1988 1125 ethnicorum
2008 1086 2056 1124 de
2085 1086 2184 1124 chri-

1232 1140 1368 1179 stianis
1388 1140 1600 1190 opiniones,
1619 1143 1768 1190 turpes,
1783 1152 1881 1190 quae
1897 1141 2033 1178 contra
2051 1151 2183 1178 sacro-

1233 1197 1407 1232 sanctam
1419 1195 1554 1232 horum
1566 1194 1808 1243 disciplinam
1822 1194 1940 1243 vulgo
1951 1194 2183 1243 spargeban-

1233 1247 1589 1294 tur,calumnias,ac
1604 1248 1780 1296 iniquam
1792 1247 2074 1285 condemnandi
2085 1247 2183 1285 chri-

1233 1301 1380 1339 stianos
1401 1302 1448 1339 ob
1468 1301 1591 1339 solum
1612 1312 1750 1338 nomen
1777 1302 1924 1350 absque
1950 1301 2032 1338 ulla
2057 1299 2183 1338 forma

1233 1355 1348 1404 legali
1365 1355 1570 1402 rationem,
1587 1366 1721 1392 eorum
1737 1366 1894 1393 causam
1910 1353 2038 1403 palam
2055 1353 2182 1392 defen-

1234 1409 1290 1446 dit
1309 1409 1349 1445 in
1369 1408 1579 1458 Apologia,
1599 1420 1715 1458 quam
1745 1421 1806 1446 an.
1827 1408 1903 1446 150
1931 1407 1979 1445 ad
2007 1407 2180 1457 impera-

1233 1464 1359 1499 torem
1379 1462 1632 1508 Antoninum,
1654 1462 1815 1511 eiusque
1839 1461 1939 1499 filios
1967 1461 2181 1511 adoptivos,

1233 1515 1285 1553 M.
1306 1515 1515 1553 Aurelium
1536 1517 1574 1553 et
1593 1516 1636 1553 L.
1658 1516 1820 1562 Verum,
1838 1516 1886 1553 ad
1906 1516 2099 1560 senatum,
2120 1526 2185 1563 po-

1232 1569 1447 1618 pulumque
1467 1581 1671 1606 romanum
1691 1569 1853 1619 scripsit.
1874 1568 1918 1605 In
1939 1580 1986 1605 ea
2007 1568 2183 1618 depingit

1234 1633 1391 1659 saevam
1420 1622 1653 1660 iniustitiam
1670 1652 1680 1669 ,
1709 1635 1786 1671 qua
1815 1621 2047 1667 christiani,
2074 1621 2182 1659 nulla

1233 1675 1408 1712 criminis
1452 1675 1633 1714 instituta
1676 1675 1893 1724 cognitione
1922 1676 1990 1712 aut
2017 1674 2180 1721 iudicio,

1232 1729 1350 1766 solius
1370 1729 1536 1766 nominis
1556 1740 1674 1766 eausa
1694 1729 2079 1767 condemnabantur:
2095 1727 2180 1765 illos

1231 1793 1254 1819 a
1283 1782 1514 1831 vulgaribus
1546 1782 1750 1820 calumniis
1779 1782 1982 1832 praeclare
2011 1782 2178 1830 purgat:

1231 1835 1405 1884 pluribus
1426 1836 1670 1873 demonstrat
1698 1848 1833 1874 eorum
1856 1835 1961 1873 vitae
1991 1834 2179 1872 innocen-

1230 1889 1337 1935 tiam,
1372 1901 1466 1939 erga
1501 1889 1692 1938 principes
1725 1889 1854 1935 fidem,
1888 1887 2087 1937 singulare
2121 1900 2182 1926 ca-

1230 1943 1435 1980 stimoniae
1458 1942 1642 1988 studium,
1668 1944 1708 1980 et
1727 1942 1976 1980 verissimam
1996 1941 2036 1978 in
2056 1941 2180 1979 Deum

1230 2008 1383 2043 verum,
1404 1996 1565 2034 Patrem
1580 2026 1589 2041 ,
1609 1996 1750 2034 Filium
1771 1998 1810 2033 et
1830 1995 2020 2044 Spiritum
2037 1995 2074 2032 S.
2091 1995 2179 2044 pie-

1229 2050 1373 2087 tatem:
1391 2049 1528 2087 deinde
1549 2049 1787 2087 christianae
1809 2047 2026 2098 Religionis
2057 2047 2179 2097 origi-

1230 2115 1337 2149 nem,
1359 2103 1614 2152 aequitatcm,
1635 2103 1882 2140 sanctitatem
1912 2101 1962 2139 ad
1990 2101 2178 2139 divinita-

1230 2159 1309 2193 tem
1336 2157 1513 2205 exponit:
1541 2158 1662 2204 utque
1689 2155 1925 2194 christianae
1953 2154 2178 2205 disciplinae

1231 2210 1416 2248 sanctitas
1432 2210 1586 2259 integre
1603 2209 1871 2259 perspiciatur,
1882 2208 2095 2258 praecipua
2106 2209 2181 2246 Re-

1230 2263 1386 2312 ligionis
1416 2264 1621 2312 mysteria,
1650 2263 1898 2312 baptismum,
1930 2261 2180 2308 sacrificium,

1230 2328 1439 2366 eorumque
1455 2317 1552 2354 ritus
1569 2316 1751 2365 explicat,
1768 2316 1936 2365 quadam
1952 2314 2014 2352 hic
2031 2315 2182 2364 dispen-

1232 2371 1383 2407 satione
1407 2382 1498 2408 usus
1518 2370 1557 2407 in
1579 2370 1721 2407 celebri
1742 2369 1885 2407 Arcani
1903 2368 2119 2418 disciplina,
2136 2371 2178 2406 ut

1231 2424 1461 2461 christianos
1483 2425 1530 2462 ab
1551 2424 1688 2461 affictis
1709 2423 1934 2460 criminibus
1951 2422 2178 2460 vindicaret:

1230 2480 1532 2515 commemorato
1553 2478 1707 2514 demum
1731 2475 1920 2514 Hadriani
1942 2475 1989 2513 ad
2011 2487 2178 2525 procon-

1229 2531 1350 2568 sulem
1371 2531 1485 2569 Asiac
1506 2531 1542 2567 in
1570 2530 1872 2567 christianorum
1902 2529 2071 2580 gratiam
2099 2528 2178 2567 edi-

1230 2587 1316 2629 cto,
1337 2584 1532 2621 concludit
1561 2584 1709 2621 dicens:
1732 2583 1879 2621 «Haec
1907 2582 1939 2621 si
1969 2582 2111 2620 rationi
2139 2583 2180 2620 et
2240 2583 2241 2623 ζ

1231 2638 1391 2675 veritati
1423 2637 1531 2674 vobis
1567 2639 1827 2674 consentanea
1855 2636 2042 2674 videntur
2061 2666 2071 2684 ,
2099 2635 2177 2673 illis

1231 2690 1415 2728 honorem
1437 2691 1599 2737 habete;
1620 2691 1650 2728 si
1671 2702 1739 2739 pro
1761 2690 1874 2740 nugis
1894 2689 2064 2737 habetis,
2084 2701 2178 2727 con-

1230 2744 1406 2782 temnite:
1428 2756 1550 2793 neque
1569 2747 1699 2782 tamen
1728 2743 1869 2782 idcireo
1896 2744 2084 2781 adversus
2113 2742 2176 2780 in-

1229 2800 1378 2843 sontes,
1401 2798 1464 2847 qui
1487 2798 1582 2835 nihil
1604 2798 1640 2835 in
1664 2798 1771 2847 leges
1793 2798 2018 2848 peccarunt,
2039 2795 2177 2847 eapitis

1229 2851 1459 2900 supplicium
1480 2851 1662 2890 statuatis
1683 2850 1697 2872 ³
1714 2863 1751 2890 ».

1272 2998 1280 3019 ¹
1302 2999 1331 3029 ln
1357 2999 1413 3029 liae
1439 2998 1638 3038 inscriptione
1661 2998 1785 3038 legitur:
1807 3008 1819 3025 «
1836 2996 1859 3029 Ο
1880 2999 2017 3044 tempora
2033 2995 2177 3031 infausta,
2236 3007 2241 3037 ¹„

1229 3040 1341 3080 quilius
1365 3041 1443 3071 inter
1467 3050 1556 3071 sacra
1580 3044 1609 3071 et
1631 3044 1700 3070 vola
1717 3049 1755 3070 ne
1772 3040 1801 3069 in
1819 3047 1959 3070 cavernis
1975 3038 2098 3085 quidem
2115 3037 2178 3068 sal-

1230 3082 1294 3112 vari
1320 3090 1498 3121 possumus-3
1523 3082 1594 3122 qnid
1618 3081 1761 3112 miserius
1786 3080 1855 3118 vita,
1872 3080 1926 3111 sed
1943 3080 2017 3120 quid
2034 3079 2176 3110 miserius
2240 3106 2241 3118 ,

1230 3125 1256 3154 in
1282 3127 1393 3159 inerte,
1417 3133 1484 3154 eum
1514 3125 1553 3154 al)
1584 3124 1691 3154 amicis
1721 3125 1750 3153 et
1773 3122 1951 3161 parenthus
1975 3121 2097 3161 sepeliri
2122 3129 2177 3152 nc-
2232 3125 2241 3159 Τ

1229 3169 1342 3206 queant
1359 3177 1370 3193 »
1387 3176 1395 3204 ;
1412 3166 1536 3205 Aringli.
1554 3166 1666 3196 Roma
1680 3164 1921 3204 subterranea,
1936 3163 1955 3195 l.
1972 3162 2027 3203 111,
2042 3172 2068 3195 c.
2085 3161 2136 3195 22.

1269 3206 1282 3227 '2
1299 3207 1436 3245 Ruinam,
1452 3208 1537 3238 Acca
1555 3207 1614 3239 SS.
1629 3206 1783 3246 Martyr.

1270 3248 1283 3270 ³
1302 3249 1414 3289 Opera
1430 3258 1454 3281 s.
1473 3249 1577 3280 lustini
1594 3249 1675 3280 edita
1692 3257 1711 3279 a
1726 3249 1840 3280 Maran.
