2241 3473
267 98 346 138 220

214 173 431 212 Saracenos
451 175 498 212 de
517 174 675 212 califatu
698 174 814 223 longo
834 175 1011 224 tempore
1041 176 1170 214 conti-

215 229 336 265 nuata
350 230 452 274 sunt,
469 228 608 275 quibus
623 226 829 264 califarum
847 228 1057 277 imperium
1076 230 1170 267 mul-

217 282 299 317 tum
328 281 501 329 deperiit.
531 279 808 328 Aglabitarum
837 282 1019 331 dynastia
1040 283 1169 332 primo

215 333 390 370 Africam
420 332 557 369 deinde
586 333 811 381 AEgyptum
841 334 1169 384 independentem

214 386 392 422 reddidit.
411 386 453 422 In
470 385 586 433 Syria
601 388 639 422 et
657 387 881 425 Palaestina
897 388 1075 426 diversae
1092 389 1175 426 fac-

214 439 335 475 tiones
355 441 439 474 tum
459 438 496 474 in
519 450 558 475 se
579 438 748 476 invicem
769 442 856 478 tum
872 441 911 478 in
929 442 1170 480 Christianos

215 491 410 536 caedibus,
422 491 577 539 rapinis,
587 492 749 541 aliisque
761 494 920 543 flagitiis
933 496 1168 534 saevierunt.

214 544 257 580 In
289 543 512 581 Palaestina
533 546 646 583 urbes
668 546 811 584 multae
833 548 1025 596 direptae,
1045 549 1169 587 eccle-

214 597 294 634 siae
306 596 791 645 profanatae,monusteria
800 604 968 647 vastata,
981 603 1171 652 multique

214 649 432 696 Christiani,
452 653 683 699 praesertim
704 654 899 700 monachi,
917 656 1044 693 necati
1065 658 1168 694 sunt.

214 703 339 740 Erant
354 715 423 752 per
439 716 572 743 omnes
588 705 873 744 Saracenorum
889 710 1014 747 terras
1029 711 1170 756 terror,

214 756 403 802 confusio,
423 759 560 796 caedes
580 761 620 796 et
640 760 827 798 desolatio
848 762 1021 799 maxima
1040 761 1063 800 ¹.

265 810 327 848 21.
354 811 496 848 Caroli
512 812 568 849 M.
590 810 724 851 obitus
745 812 832 864 (cm
853 814 949 865 814)
967 816 1072 853 -In
1094 816 1169 854 Oc-

215 862 369 901 cidente
389 864 554 902 Carolus
573 865 626 903 M.
643 866 721 903 iam
738 879 799 904 an.
813 868 890 905 806
909 868 1089 906 confecto
1106 873 1167 906 te-

215 919 411 955 stamento
439 930 604 968 regnum
633 932 749 957 suum
776 920 882 958 inter
901 924 983 960 tres
1003 934 1051 960 ex
1074 923 1164 960 Hil-'

214 971 384 1019 degarde
402 971 504 1009 filios
517 1002 527 1017 ‚
546 972 790 1010 Ludovicum
803 1004 812 1019 ,
830 975 1014 1024 Pipinum
1034 978 1073 1014 et
1089 976 1166 1014 Ca-

214 1025 339 1061 rolum
353 1054 362 1070 ,
382 1025 590 1073 diviserat3
612 1027 675 1063 cui
696 1029 934 1067 testamento
957 1032 1164 1079 postquam

215 1078 474 1116 assensissent
508 1079 661 1128 imperii
691 1092 893 1129 proceres,
924 1083 1043 1120 etiam
1073 1084 1166 1120 sub-

215 1131 426 1179 scripserat
447 1133 526 1170 Leo
557 1134 626 1182 Pp.
648 1131 674 1171 ².
696 1135 795 1172 Cum
824 1147 919 1173 vero
942 1136 1107 1185 Pipinus
1128 1140 1167 1174 et

216 1185 381 1223 Carolus
410 1185 481 1223 filii
511 1187 696 1224 obiissent
725 1192 816 1225 ante
845 1194 997 1238 patrem
1026 1202 1165 1237 suum,

215 1238 378 1276 Carolus
398 1239 451 1276 M.
474 1252 536 1277 an.
557 1241 635 1279 813
665 1242 810 1279 coactis
832 1243 1069 1292 Aquisgrani
1097 1256 1165 1281 co—

214 1291 348 1337 mitiis,
368 1293 614 1331 Ludovicum
635 1306 901 1333 successorem
921 1308 1034 1334 suum
1051 1297 1163 1342 dixit,

215 1357 381 1394 regnum
410 1359 504 1384 vero
534 1347 672 1384 Italiae
702 1348 904 1387 Bernardo
934 1350 1013 1387 filio
1035 1351 1164 1399 Pipini

217 1399 434 1448 adscripsit,
452 1402 491 1437 et
511 1412 611 1437 anno
628 1406 819 1449 sequente
840 1402 939 1440 febri
961 1407 1168 1452 correptus

216 1451 361 1490 ibidem
382 1453 580 1491 decubuit.
604 1454 648 1491 Ei
669 1467 801 1493 sacros
821 1456 987 1495 honores
1003 1457 1166 1495 dedica-

216 1506 275 1543 vit
303 1518 365 1544 an.
389 1507 491 1544 1165
521 1507 724 1546 Paschalis
755 1509 941 1560 antipapa
962 1511 1019 1548 III
1036 1540 1045 1556 ,
1065 1512 1166 1560 quod

216 1571 305 1596 cum
339 1560 507 1609 legitimi
539 1561 750 1599 Pontifices
789 1575 859 1600 nec
888 1564 1168 1602 confirmarint

216 1624 288 1650 nec
317 1614 583 1663 reprobarint,
604 1615 734 1652 cultus
766 1616 896 1654 Caroli
924 1617 977 1656 M.
999 1617 1036 1654 in
1067 1631 1165 1655 non—

217 1666 333 1704 nullis
353 1667 527 1705 ecclesiis
547 1671 729 1717 receptus
748 1669 824 1707 fuit
844 1668 871 1708 3.

268 1720 331 1758 22.
355 1721 589 1759 Ladon-icus
609 1723 715 1759 Pius
732 1724 1166 1772 imperator—Ludo-

216 1773 326 1811 vicus
355 1775 584 1824 cognomine
606 1775 701 1814 Pius
715 1806 725 1822 ,
743 1777 820 1814 iam
843 1777 910 1814 diu
932 1780 1024 1816 ante
1045 1791 1069 1816 a
1088 1791 1162 1827 pa-

216 1830 277 1865 tre
306 1840 374 1865 suo
394 1840 463 1867 rex
484 1828 725 1877 Aquitaniae
746 1834 921 1878 creatus,
943 1835 983 1869 et
1002 1844 1064 1870 an.
1085 1833 1160 1870 781

217 1882 367 1919 Romae
393 1883 441 1920 ab
463 1882 661 1920 Hadriano
682 1883 752 1933 Pp.
775 1884 857 1921 oleo
877 1897 987 1923 sacro
1011 1888 1166 1933 unctus,

216 1935 308 1984 post
335 1936 481 1974 obitum
502 1936 633 1975 Caroli
654 1936 706 1975 M.
729 1938 1010 1987 amplissimum
1033 1939 1162 1988 impe-

218 1989 322 2026 rium
353 1992 491 2028 nactus
521 1993 591 2028 est.
612 1991 688 2028 An.
709 1992 786 2028 814
807 1992 966 2030 comitia
987 1993 1165 2030 celebra-

219 2043 277 2080 vit
302 2043 564 2093 Aquisgrani,
583 2044 622 2081 in
653 2045 792 2092 quibus
821 2047 994 2083 omnium
1023 2046 1164 2084 feuda-

217 2096 408 2133 tariorum
437 2110 505 2134 seu
526 2098 783 2135 vassallorum
804 2098 921 2137 fidem
942 2099 1106 2149 accepit,
1127 2103 1167 2137 et

217 2149 371 2199 imperii
396 2153 542 2188 statum
564 2152 798 2201 composuit3
819 2164 985 2201 regnum
1008 2153 1166 2200 Italiae,

218 2205 432 2241 secundum
469 2204 648 2241 ultimam
687 2206 808 2254 patris
837 2207 895 2244 801
926 2207 1165 2244 voluntatem

219 2257 467 2295 confirmavit
487 2258 708 2305 Bernardo,
730 2259 859 2308 Pipini
881 2259 1015 2297 fratris
1035 2261 1095 2297 sui
1115 2260 1165 2297 fi-

219 2310 289 2357 lio;
311 2311 518 2358 Lothario‚
544 2311 622 2348 filio
650 2323 718 2349 suo
748 2316 840 2350 natu
873 2314 1065 2360 maximo,
1086 2314 1166 2351 Ba-

220 2364 393 2411 variam,
414 2367 454 2402 et
483 2364 641 2414 Pipin0‚
662 2367 829 2403 secundo
862 2369 976 2411 natu,
996 2368 1166 2415 Aquita-

220 2418 325 2455 niam
346 2418 560 2464 concessit3
580 2418 617 2455 in
641 2431 773 2456 omnes
795 2420 1014 2468 provincias
1030 2420 1168 2457 missos

220 2471 390 2522 legavit,
411 2473 474 2522 qui
498 2472 706 2521 unicuique
731 2472 925 2510 iustitiam
947 2474 1166 2519 redderent,

219 2528 259 2563 et
287 2538 388 2574 quae
419 2526 549 2574 inique
579 2529 667 2563 acta
696 2525 880 2572 fuissent,
911 2527 1166 2575 corrigerent.

221 2582 333 2617 Anno
359 2579 436 2618 816
465 2579 628 2617 Rlicmis
657 2591 680 2617 a
700 2580 898 2628 Stephano
920 2581 989 2629 Pp.
1014 2581 1068 2617 IV
1090 2580 1168 2617 sol-

220 2633 338 2671 lemni
359 2634 436 2671 ritu
459 2635 668 2671 coronatus
689 2635 758 2671 est.
782 2633 977 2671 Pietatem
996 2634 1169 2681 aliasque

223 2687 389 2725 virtutes
427 2687 572 2732 coluit,
601 2687 712 2735 plura
750 2686 986 2735 capitularia
1017 2687 1169 2735 imperii

222 2747 340 2790 atque
361 2741 615 2778 ecclesiarum
631 2740 730 2778 bono
746 2740 1023 2790 promulgavit,
1039 2740 1169 2777 ecclc-

222 2794 300 2832 sias
321 2795 443 2832 variis
472 2794 688 2843 privilegiis
716 2797 756 2831 ct
784 2794 919 2843 opibus
949 2794 1081 2840 auxit3
1104 2794 1168 2830 scd

223 2860 499 2897 nonnunquam
522 2848 758 2897 imprudenti
780 2847 939 2885 consilio
961 2860 1065 2893 usus,
1089 2847 1168 2884 dis-

222 2902 330 2939 sidiis
360 2902 562 2950 turbisque
584 2902 620 2938 in
653 2913 836 2949 magnum
867 2901 1021 2950 imperii
1046 2900 1170 2938 detri-

222 2958 397 2993 mentum
419 2957 659 2993 occasioncm
682 2955 861 3004 praebuit
880 2954 906 2992 ⁴.

264 3051 273 3071 ¹
291 3052 469 3090 'l'lwopliau
490 3048 848 3090 (ltu-(moynelnollaiul.
866 3046 1173 3080 AclaSs'f20martii.
1220 3095 1226 3097 ‚

263 3091 275 3112 ²
292 3092 432 3124 Ammlas
448 3092 602 3124 Iv'rancnr.
621 3093 658 3122 :ul
677 3102 725 3122 an.
742 3092 810 3121 suf».

264 3140 279 3162 τι
296 3135 431 3164 bolland.
449 3135 528 3166 Arla
546 3133 600 3165 δ’δ’.
617 3134 654 3163 27
673 3134 731 3164 iun.

264 3184 276 3205 4
295 3178 496 3206 ,1800000108
514 3179 541 3206 01
559 3177 733 3215 'flu-ganum
757 3173 824 3207 vita
842 3173 995 3206 Ludom’ct'
1018 3171 1087 3210 Pil}
1102 3172 1170 3203 11001

227 3217 251 3250 Α
261 3217 369 3249 munes
387 3217 598 3249 lr‘mncorum.

907 111 1063 139 EPOCHA
1090 111 1143 140 VI.
1172 114 1200 141 A
1228 114 1385 145 CAROLO
1414 118 1457 145 M.

1263 180 1325 219 23.
1338 182 1597 231 Reformatz'o
1613 186 1876 225 ecelesiarum
1893 189 1937 226 in
1952 188 2156 227 Galliis—

1212 233 1434 273 Ludovicus
1446 236 1539 274 Pius
1550 237 1773 287 imperator,
1783 252 1900 289 quum
1917 242 1963 279 de
1979 242 2157 280 ecclesia-

1211 298 1299 324 rum
1319 290 1424 326 statu
1455 291 1495 327 et
1523 290 1749 340 disciplinae
1768 294 2046 333 reformatione
2067 308 2156 333 cum

1212 339 1408 389 Stephano
1429 342 1499 391 Pp.
1517 345 1834 392 contulisset,an.
1864 348 1942 386 816
1962 349 2157 398 copiosam

1212 394 1404 442 synodum
1416 395 1959 448 indixitAquisgraniActum
1972 402 2010 439 in
2027 414 2074 440 ea
2083 401 2158 439 fuit

1212 447 1258 483 de
1288 447 1565 487 reformatione
1592 452 1865 490 canonicorum
1886 456 1926 492 et
1945 456 2157 493 canonica-

1213 511 1299 537 rum
1328 503 1694 542 sanctimonialium.
1714 505 1817 542 Tum
1847 507 1919 544 hae
1939 510 2021 545 tum
2045 508 2104 545 illi
2133 520 2156 546 a

1212 554 1414 602 primaeva
1442 556 1689 595 institutione
1710 561 1748 597 et
1767 560 1906 608 regula
1925 572 1954 598 s.
1975 562 2154 599 Chrode-

1211 608 1329 657 gangi
1350 609 1604 649 deflexerant.
1626 611 1874 660 Quapropter
1894 613 2038 663 duplex
2059 627 2154 652 con-

1211 661 1294 698 dita
1315 664 1373 699 est
1392 663 1529 712 regula
1542 694 1551 710 ,
1571 677 1592 701 e
1613 665 1867 703 conciliorum
1886 668 2102 705 canonibus
2117 669 2158 705 et

1211 725 1259 752 ss.
1280 716 1446 753 Patrum
1474 717 1627 766 scriptis
1656 719 1841 766 collecta;
1864 732 1942 757 una
1972 722 2059 758 erat
2086 733 2157 770 pro

1211 768 1409 806 canonicis
1423 800 1432 816 ‚
1452 771 1653 809 continens
1676 772 1749 810 145
1769 772 1918 822 capita,
1939 773 2067 811 altera
2082 785 2153 823 pro

1209 822 1569 862 sanctimonialibus
1589 826 1803 871 canonicis,
1823 828 2005 864 constans
2025 827 2076 864 28
2093 838 2153 864 ar-

1209 875 1352 913 ticulis.
1374 877 1521 915 Ambas
1549 878 1705 927 regulas
1734 879 1945 928 imperator
1972 880 2080 918 misit
2107 881 2157 918 ad

1209 931 1544 978 metropolitas,ut
1564 943 1641 968 una
1656 944 1742 969 cum
1758 933 2051 981 provinciarum
2072 946 2159 972 sua-

1212 993 1298 1018 rum
1321 983 1510 1033 episcopis
1531 996 1596 1022 eas
1617 986 1665 1022 ab
1681 986 1861 1023 omnibus
1877 987 2155 1025 canonicorum

1210 1037 1248 1072 et
1269 1037 1545 1075 canonicarum
1566 1038 1743 1089 collegiis
1759 1039 2023 1088 suscipiendas
2040 1052 2157 1078 cura-

1211 1092 1296 1126 rent
1317 1089 1342 1127 1.
1373 1091 1585 1129 Praeterea
1615 1104 1664 1129 ex
1694 1092 1966 1142 episcoporum
1996 1094 2157 1131 consilio

1210 1143 1478 1192 promulgavit
1499 1145 1745 1194 Capitulare,
1765 1147 1975 1185 continens.
1987 1147 2039 1185 29
2055 1147 2156 1184 arti-

1209 1195 1328 1243 culos,
1341 1198 1406 1246 qui
1426 1199 1475 1236 ad
1490 1198 1732 1248 disciplinam
1751 1200 2055 1238 ecclesiasticam
2070 1212 2154 1250 per-

1209 1250 1388 1288 tinebant
1407 1250 1434 1289 ².

1186 1307 1194 1328 Γ
1262 1304 1305 1340 In
1325 1304 1462 1342 iisdem
1483 1305 1649 1344 comitiis
1669 1306 1893 1344 Ludovicus
1910 1307 2158 1354 Lotharium,

1208 1356 1332 1394 filium
1353 1370 1466 1395 suum
1479 1389 1489 1405 ,
1510 1360 1558 1396 ad
1578 1360 1732 1408 imperii
1748 1361 1984 1398 consortium
2002 1373 2157 1398 assum-

1209 1410 1306 1460 psit,
1330 1412 1467 1461 Pipino
1498 1414 1736 1461 Aquitaniae
1757 1425 1923 1463 regnum
1946 1414 2159 1452 confirma-

1209 1465 1286 1510 vit,
1309 1468 1349 1502 et
1369 1466 1565 1503 Ludovico
1586 1467 1800 1504 Bavariam
1823 1467 1940 1505 dedit.

1261 1521 1375 1556 Anno
1403 1522 1589 1568 sequente
1619 1519 1733 1571 (817)
1754 1520 1970 1569 imperator
1990 1532 2158 1570 genera-

1209 1572 1283 1608 lem
1323 1573 1510 1609 abbatum
1539 1575 1579 1610 et
1607 1574 1888 1611 monachorum
1917 1577 2154 1611 conventum

1209 1625 1352 1662 indixit
1372 1626 1610 1675 Aquisgrani
1630 1639 1700 1676 pro
1719 1627 1998 1665 reformatione
2017 1639 2157 1665 mona-

1208 1679 1368 1716 chorum
1380 1709 1390 1725 ,
1411 1680 1478 1728 qui
1494 1680 1615 1717 etiam
1629 1681 1732 1718 inter
1746 1681 1950 1719 continuas
1967 1681 2157 1719 bellorum

1207 1735 1478 1781 tempestates,
1508 1734 1648 1782 quibus
1676 1734 1900 1773 Occidentis
1928 1735 2156 1784 provinciae

1207 1785 1365 1824 fuerant
1400 1787 1574 1836 agitatae
1588 1817 1597 1834 ,
1627 1788 1731 1825 haud
1767 1800 1906 1837 parum
1936 1800 1960 1826 a
1994 1787 2156 1838 regulae

1208 1852 1301 1878 suae
1331 1840 1581 1878 observantia
1610 1844 1865 1879 recesserant.
1896 1842 1941 1879 In
1959 1842 2032 1880 hoc
2060 1853 2155 1879 con-

1209 1898 1329 1930 ventu
1359 1894 1483 1943 primo
1512 1895 1694 1932 convenit
1713 1895 1760 1932 de
1789 1895 1969 1933 uniformi
1998 1895 2157 1933 vivendi

1206 1947 1357 1984 ratione
1377 1948 1415 1985 in
1432 1948 1581 1985 cunctis
1597 1949 1843 1986 monasteriis
1859 1949 2073 1986 secundum
2091 1960 2158 1986 re-

1207 2001 1339 2049 gulam
1360 2013 1388 2039 s.
1410 2001 1626 2039 Benedicti.
1648 2002 1796 2039 Deinde
1817 2002 1956 2051 regula
1983 2014 2012 2039 s.
2033 2002 2161 2039 Benc-

1208 2055 1302 2091 dicti
1322 2055 1468 2093 relecta
1497 2055 1594 2100 fuit,
1621 2056 1784 2100 abusus,
1807 2056 1873 2104 qui
1902 2056 2156 2104 irrepserant,

1208 2108 1356 2145 sublati
1376 2111 1483 2154 sunt,
1500 2109 1614 2146 utiles
1631 2109 1930 2147 consuetudines
1946 2120 2154 2147 conserva-

1207 2163 1291 2208 tae,
1313 2164 1352 2199 ct
1371 2162 1421 2199 80
1450 2162 1626 2211 capitula
1654 2163 1781 2209 edita,
1802 2174 1902 2211 quae
1931 2164 2060 2200 essent
2080 2174 2153 2199 ve·-

1208 2215 1281 2252 luti
1303 2215 1496 2264 appendix
1517 2217 1556 2252 et
1575 2215 1783 2264 explicatio
1805 2215 1965 2264 regulae
1981 2228 2009 2253 8.
2025 2216 2152 2253 Benc-

1210 2269 1312 2306 dicti.
1336 2269 1549 2307 Praeterea
1580 2269 1817 2307 monasteria
1845 2269 1883 2306 in
1910 2272 1990 2307 tres
2011 2269 2155 2307 classes

1210 2322 1418 2359 distributa
1457 2321 1638 2367 fuerunt,
1667 2334 1766 2371 quae
1806 2323 2021 2361 secundum
2051 2322 2158 2360 vires

1209 2387 1301 2413 suas
1330 2376 1377 2413 ad
1417 2376 1561 2412 bonum
1592 2377 1787 2424 publicum
1819 2376 2044 2413 conferrent
2070 2375 2154 2413 sive

1210 2430 1311 2466 dona
1327 2434 1365 2466 et
1380 2429 1560 2466 militiam
1577 2431 1660 2466 sive
1678 2430 1882 2467 orationes.
1897 2429 2046 2472 Quibus
2058 2441 2157 2466 com-

1212 2482 1317 2519 muni
1347 2482 1507 2519 consilio
1537 2483 1744 2530 absolutis,
1764 2483 1978 2533 imperator
2005 2482 2156 2532 aliquot

1210 2538 1368 2573 sanctae
1391 2536 1496 2573 vitae
1517 2537 1741 2583 monachos,
1765 2537 1867 2574 inter
1887 2548 1980 2585 quos
2001 2536 2157 2586 praeci-

1213 2602 1312 2638 puus
1332 2592 1417 2626 erat
1436 2602 1464 2626 s.
1478 2590 1710 2629 Benedictus
1730 2591 1918 2636 Anianus,
1938 2589 2159 2635 constituit,

1212 2643 1272 2691 qui
1289 2654 1406 2691 supra
1418 2646 1566 2680 statuta
1585 2644 1620 2680 in
1633 2645 1811 2681 omnibus
1833 2642 2080 2681 monasteriis
2096 2653 2164 2679 su·-

1212 2696 1409 2745 scipienda
1420 2699 1458 2733 ct
1471 2697 1716 2735 observanda
1728 2695 2043 2735 curarent3.Hinc
2055 2695 2161 2734 facta

1211 2752 1270 2786 est
1282 2750 1471 2797 generalis
1487 2751 1810 2788 monasteriorum
1828 2749 2069 2796 reformatio,
2086 2761 2163 2786 non

1211 2806 1342 2841 tamen
1359 2803 1440 2841 sinc
1457 2816 1597 2853 magno
1615 2805 1766 2849 laborc;
1780 2804 1818 2842 in
1836 2803 2028 2841 nonnullis
2045 2803 2162 2851 quip-

1212 2869 1256 2905 pe
1287 2858 1532 2895 monasteriis
1570 2858 1773 2908 depravati
1811 2856 1985 2895 monachi
2018 2867 2160 2905 graves

1213 2911 1344 2948 turbas
1365 2911 1608 2958 excitarunt,
1637 2914 1676 2949 et
1709 2910 1944 2949 monasteria
1980 2910 2160 2947 descrere

1211 2976 1324 3012 quam
1342 2965 1656 3002 reformationem
1673 2965 1863 3013 suscipere
1884 2963 2124 3001 maluerunt.

1264 3019 1325 3055 211.
1350 3019 1587 3067 Srqilmnus
1608 3019 1632 3055 I
1642 3019 1682 3063 1⁷,
1705 3018 1920 3055 I'ascleale's
1941 3018 1980 3062 I,
2013 3017 2035 3054 I
2041 3017 2163 3054 'onti-

1257 3124 1263 3145 ¹
1281 3125 1392 3162 Lnblw,
1413 3123 1534 3154 Camil.
1553 3129 1571 3156 ῑ,
1590 3125 1648 3164 ΠΙ,
1672 3133 1699 3164 p.
1720 3122 1807 3155 1307.

1254 3166 1405 3205 21111111).
1426 3165 1511 3197 11711.

1256 3208 1357 3239 3111111.
1377 3218 1405 3248 p.
1428 3207 1512 3238 15115,
