2241 3473
261 105 313 148 26

210 184 273 221 cui
301 195 389 222 cum
419 196 494 222 non
527 185 754 222 conveniret
781 186 995 222 humanum
1016 196 1154 233 corpus

209 249 230 275 e
250 237 417 275 materia
437 238 578 275 vitiosa
597 237 821 284 formatum,
841 249 930 275 eum
951 249 1091 287 corpus
1111 250 1155 276 a-

208 290 341 340 liquod
369 291 597 328 aethereum
619 290 681 328 vel
698 292 876 328 umbram
896 293 1052 328 tantum
1074 303 1156 329 car-

213 344 272 382 nis
292 344 557 393 assumpsisse,
578 347 617 381 et
635 344 798 393 proinde
814 356 889 381 non
911 356 1052 382 revera
1072 356 1156 393 pas-

209 409 295 435 sum
323 400 393 435 aut
421 400 617 434 mortuum
645 409 729 434 esse
758 398 1060 436 contendebant.
1092 398 1152 436 Ex

210 451 344 488 eadem
371 450 547 488 doctrina
573 450 700 488 carnis
731 452 1061 490 resurrectionem
1091 465 1155 490 ne-

205 504 362 552 gabant.
386 504 510 540 Vetus
544 503 864 552 Testamentum,
903 505 1004 554 quod
1040 506 1079 543 in
1109 518 1154 543 eo

204 557 335 594 mundi
347 556 492 594 creatio
503 556 582 593 Deo
595 557 900 605 adscribebatur,
911 558 1152 607 reiiciebant3

205 622 225 647 e
246 610 295 647 N.
318 610 571 647 Testamento
601 609 732 658 libros,
761 612 800 649 in
829 613 970 662 quibus
1000 613 1152 650 doctri-

203 674 274 699 nae
310 662 571 700 Gnosticismo
611 665 832 703 contrariae
872 667 1153 715 tradebantur,

202 716 265 753 vel
294 718 395 753 totos
416 716 480 753 vel
502 728 550 754 ex
572 719 684 766 parte
704 720 956 768 respuebant.

254 769 399 807 Contra
427 770 498 807 has
528 771 801 810 Gnosticorum
833 773 1028 811 doctrinas
1048 774 1153 823 Apo—

199 822 287 859 stoli
308 834 382 859 non
403 824 525 861 semel
545 824 584 861 in
606 826 762 875 scriptis
778 827 857 864 suis
872 828 1154 876 praemuniunt

198 874 342 914 fideles.
363 877 550 914 Attamen
571 880 726 917 saeculo
742 883 928 928 sequente
950 881 1151 919 Gnostico-

198 940 286 966 rum
307 933 437 967 sectae
458 931 584 980 magis
604 932 784 972 ecclesias
813 935 1100 983 perturbarunt
1123 935 1146 972 ¹.

251 983 494 1022 Iudaizantes
514 984 699 1034 appellati
719 990 812 1024 sunt
832 988 857 1025 ii
880 989 964 1037 qui,
987 1000 1008 1025 e
1029 989 1154 1026 Iudai-

196 1047 278 1074 smo
306 1038 353 1075 ad
381 1038 722 1077 Christianismum
752 1042 953 1089 conversi,
973 1054 1049 1079 non
1079 1043 1151 1080 ob-

196 1092 326 1128 stante
353 1091 506 1129 eoncilii
528 1092 875 1144 Hierosolymitani
895 1096 1076 1143 decretO,
1097 1096 1152 1134 ri-

194 1147 258 1181 tus
283 1144 398 1194 Legis
417 1145 612 1184 Mosaicae
633 1159 721 1185 cum
748 1149 850 1197 Lege
879 1149 995 1187 Nova
1015 1161 1151 1188 ncces-

194 1198 296 1235 sario
316 1200 574 1237 observandos
594 1213 676 1239 esse
697 1203 991 1241 contendebant.

247 1251 522 1290 Gnosticorum
544 1254 831 1293 haereticorum
862 1269 1002 1305 parens
1031 1257 1150 1307 vulgo

195 1304 340 1343 dicitur
366 1306 497 1343 Simon
519 1308 680 1357 Magus,
701 1310 829 1358 patria
859 1311 1147 1350 Samaritanus.

195 1359 232 1396 Is
251 1359 402 1398 artibus
423 1360 603 1409 magicis,
624 1374 647 1400 a
667 1363 806 1411 quibus
833 1375 1047 1413 cognomen
1078 1378 1147 1403 ac-

194 1413 307 1462 cepit,
325 1413 595 1452 Samaritanos
610 1416 649 1452 in
665 1416 879 1455 maximam
896 1418 956 1455 sui
977 1419 1147 1457 admira-

193 1466 336 1504 tionem
349 1469 388 1504 et
399 1468 693 1507 venerationem
707 1471 1050 1514 excitarat.Quum
1060 1473 1149 1511 Phi-

192 1519 321 1569 lippus
341 1521 529 1559 diaconus
549 1523 753 1562 Samariae
780 1526 946 1563 verbum
976 1527 1048 1564 Dei
1071 1539 1145 1565 an-

193 1574 416 1620 nuntiaret,
435 1575 567 1613 Simon
588 1589 676 1615 cum
698 1578 786 1616 aliis
814 1579 1051 1628 baptismum
1073 1593 1145 1618 su-

193 1627 327 1676 scepit.
350 1628 475 1666 Paulo
496 1631 582 1678 post
601 1642 763 1670 cernens
776 1662 786 1679 ,
806 1634 1032 1683 prodigiosa
1052 1635 1144 1684 Spi-

191 1681 290 1718 ritus
309 1681 348 1718 S.
361 1682 461 1719 dona
481 1695 504 1720 a
520 1683 640 1721 Petro
659 1687 698 1723 et
718 1686 862 1724 Ioanne
878 1699 1065 1725 manuum
1078 1689 1145 1726 im-

191 1734 379 1784 positione
399 1736 602 1785 baptizatis
622 1740 919 1787 communicari,
936 1742 1142 1791 pecuniam

191 1788 248 1826 eis
264 1789 418 1835 obtulit,
435 1793 477 1827 ut
493 1791 566 1828 sibi
583 1791 772 1831 virtutem
786 1806 832 1831 ea
843 1795 944 1832 dona
956 1795 1041 1833 aliis
1053 1808 1145 1833 con-

191 1841 339 1879 ferendi
359 1843 592 1882 tribuerent.
614 1845 704 1883 Ideo
725 1859 747 1884 a
768 1848 887 1885 Petro
913 1861 1051 1886 severe
1076 1862 1143 1887 re-

190 1895 421 1944 prehensus,
438 1897 486 1933 ab
505 1897 702 1946 Apostolis
722 1903 763 1937 et
782 1913 803 1938 a
824 1901 921 1939 Fide
942 1903 1119 1940 discessit
1133 1933 1142 1951 ,

190 1960 414 1998 pravaeque
427 1950 631 1989 haereseos
643 1964 785 2001 parens
797 1954 924 1993 sactus
936 1959 996 1993 est
1007 1954 1037 1994 ².
1049 1957 1143 1993 Doc-

190 2002 316 2040 trinae
332 2015 400 2041 seu
417 2003 545 2051 potius
567 2017 746 2043 errorum
767 2019 926 2045 suorum
948 2021 1140 2047 summam

189 2056 330 2105 partim
353 2069 401 2094 ex
420 2057 593 2105 iis,quae
613 2060 661 2097 de
681 2060 995 2100 Christianorum
1015 2067 1055 2101 et
1071 2063 1141 2101 Iu-

190 2110 378 2147 daeorum
399 2112 521 2149 sacris
540 2115 719 2159 noverat,
731 2115 874 2163 partim
894 2119 934 2153 et
953 2128 1139 2165 pracser-

189 2163 259 2200 tim
282 2175 302 2200 e
323 2163 621 2203 Platonicorum
647 2167 964 2217 philosophorum
986 2171 1139 2219 placitis

191 2217 602 2257 conflavit.Constituit
615 2232 732 2258 unum
746 2234 814 2259 ens
830 2234 1057 2272 supremum
1070 2236 1137 2262 seu

189 2282 349 2316 numen,
371 2283 391 2308 c
412 2283 486 2320 quo
516 2284 654 2311 aeones
682 2278 846 2313 naturae
872 2277 1048 2315 sublimis
1069 2290 1137 2315 seu

189 2324 318 2373 angeli
331 2327 613 2364 manarant.Ab
626 2327 685 2365 his
702 2330 888 2366 mundum
904 2330 1137 2369 fabricatum

188 2376 309 2416 fuisse
329 2380 369 2415 et
389 2379 590 2428 captivum
611 2382 736 2419 teneri
767 2394 890 2431 genus
920 2384 1137 2422 humanum

188 2432 354 2470 dicebat.
371 2432 550 2482 Seipsum
574 2435 739 2472 vocabat
759 2436 926 2484 primum
951 2440 990 2475 ct
1009 2450 1138 2487 supre-

188 2496 292 2523 mum
315 2497 491 2533 aeonem,
512 2490 628 2536 atque
649 2488 686 2525 in
708 2501 870 2538 corpore
892 2492 1137 2540 apparuisse,

190 2541 234 2575 ut
262 2539 437 2578 homines
466 2552 490 2578 a
516 2541 719 2579 rebellium
750 2554 914 2580 aeonum
946 2546 1137 2583 servitute

189 2592 412 2631 redimeret.
434 2594 613 2631 Alterum
637 2607 817 2642 aconem,
838 2598 973 2635 ordine
993 2610 1136 2636 sccun-

188 2645 278 2682 dum
309 2649 348 2683 et
373 2647 590 2685 animarum
622 2649 880 2687 humanarum
913 2656 1136 2699 parentem,

189 2698 343 2736 dicebat
365 2700 489 2738 inesse
512 2703 549 2739 in
572 2714 645 2739 sua
666 2703 839 2750 Helena,
861 2705 1096 2742 muliercula
1116 2718 1136 2742 c

188 2752 295 2800 Tyro
318 2753 548 2801 Phoenices,
569 2768 682 2803 quam
705 2768 831 2793 secum
855 2758 1030 2796 ducebat.
1052 2760 1135 2797 Ad-

188 2805 294 2843 misit
323 2807 539 2845 animarum
566 2810 961 2857 transmigrationcm.
989 2813 1136 2860 Corpo—

188 2871 272 2896 rum
288 2872 379 2896 vero
393 2862 714 2900 resurrectionem
728 2864 962 2901 othonorum
977 2877 1135 2913 operum

188 2913 461 2950 necessitatem
498 2916 667 2962 negavit.
692 2918 818 2965 Opera
846 2918 974 2955 onmia
1001 2931 1069 2967 per
1096 2933 1136 2956 se

188 2978 270 3003 csse
299 2967 563 3006 indifferentia
592 2969 757 3017 effutiit,
785 2971 940 3019 suisque
976 2975 1138 3010 sectato-

231 3084 237 3105 ¹
258 3086 298 3115 llo
316 3086 468 3117 Gnosticis
485 3086 572 3125 plura
590 3087 743 3118 lmlwntur
759 3087 840 3126 apud
859 3099 883 3120 s.
902 3089 1135 3126 1····n:w.um,l,1,.

187 3130 301 3157 curura
319 3127 439 3158 littores.
452 3137 458 3165 ;
472 3138 496 3158 s.
512 3130 659 3168 lipipliau.
675 3130 791 3160 l'uuar.
808 3131 945 3170 barras-5
959 3141 983 3162 s,
998 3133 1136 3169 August,

188 3169 249 3200 Lib.
268 3168 419 3200 adversus
436 3170 595 3206 latit-reses:
613 3172 794 3202 'l'licodorct
809 3172 950 3204 Fabulae
966 3173 1082 3205 haeret.

228 3210 241 3231 ‘²
257 3211 324 3244 Act.
342 3211 449 3254 sipost.
469 3212 540 3243 vm.

762 120 920 149 EPOCHA
949 121 974 148 1.
1004 121 1031 148 Α
1059 118 1304 148 NATIVITATE
1332 117 1422 149 IEsv
1451 121 1606 150 CHRISTI

1201 185 1309 223 ribus
1328 186 1548 235 promiscue
1575 187 1732 225 vivendi
1751 189 1987 238 potestatem
2012 189 2107 229 fecit
2121 189 2150 230 ¹.

1253 238 1420 277 Errores
1440 251 1530 278 suos
1544 239 1726 289 vulgavit
1751 242 1922 291 primum
1950 244 1989 281 in
2010 245 2151 282 Sama-

1199 291 1260 330 ria
1279 294 1318 330 et
1338 293 1494 340 Iudaea,
1511 293 1648 331 deinde
1668 294 1707 330 in
1728 294 1814 332 aliis
1834 296 1927 334 locis
1948 299 1988 335 et
2006 299 2152 347 postre-

1200 357 1262 383 mo
1282 347 1443 385 Romae.
1466 347 1509 384 In
1529 347 1602 384 hac
1620 347 1716 385 urbe
1733 350 1954 399 praestigiis
1969 351 2049 389 suis
2067 353 2150 389 tan-

1199 401 1280 436 tam
1303 400 1470 438 nominis
1491 400 1764 438 celebritatem
1785 405 1990 442 assecutus
2009 407 2087 450 est,
2109 406 2152 442 ut

1199 452 1235 489 ei
1267 453 1389 490 divini
1418 454 1583 491 honores
1612 454 1691 491 sint
1719 455 1867 493 decreti
1898 458 1938 494 et
1958 458 2094 495 statua
2113 470 2150 496 e-

1198 507 1308 544 recta
1325 518 1412 544 cum
1427 508 1501 545 hac
1513 507 1776 556 inscriptione:
1788 509 1953 548 Simoni
1965 511 2037 548 deo
2056 521 2149 548 san-

1198 564 1272 606 cto,
1295 562 1338 597 ut
1366 562 1540 598 testatur
1564 573 1593 599 s.
1615 560 1790 599 Iustinus
1817 564 1972 612 martyr
2001 567 2041 602 et
2059 565 2148 613 post

1197 624 1287 650 eum
1308 625 1337 651 s.
1359 613 1560 661 Irenaeus,
1580 614 1724 663 aliique
1742 613 1769 652 ².
1791 615 1869 652 Sed
1896 616 1959 653 ubi
1989 617 2148 655 divinus

1196 678 1325 704 sermo
1346 679 1369 704 a
1389 668 1432 705 B.
1456 669 1575 706 Petro
1596 668 1787 706 Romanis
1816 668 1959 707 allatus
1988 672 2060 717 est,
2081 669 2147 708 Si-

1196 720 1319 758 monis
1335 721 1540 759 celebritas
1561 722 1670 760 brevi
1693 722 1858 759 evanuit
1870 720 1896 760 3.
1911 722 2029 761 Secta
2048 723 2148 770 eius,

1196 773 1321 822 magis
1333 786 1381 811 ex
1394 774 1559 812 ethnicis
1571 778 1611 812 et
1622 775 1776 813 Iudaeis
1789 775 2021 825 religionem
2033 788 2147 814 suam

1195 828 1397 876 pertaesis,
1419 840 1534 877 quam
1555 841 1576 866 e
1596 828 1828 867 Christianis
1858 829 2040 877 collecta,
2062 832 2149 879 post

1197 892 1312 917 unum
1335 884 1405 918 aut
1423 882 1590 919 alterum
1612 882 1808 920 saeculum
1831 882 2008 921 extincta
2027 885 2101 922 est.

1248 933 1395 972 Simoni
1425 935 1596 985 aequalis
1626 935 1702 973 fuit
1730 935 1956 984 Cerinthus‚
1987 937 2146 975 natione

1195 986 1370 1034 iudaeus,
1391 988 1469 1037 qui,
1492 990 1697 1038 postquam
1717 989 1986 1028 Alexandriae
2005 990 2045 1027 in
2065 990 2147 1028 AE-

1194 1042 1315 1089 gypto
1327 1042 1535 1091 disciplinis
1552 1042 1825 1092 philosophicis
1842 1043 2146 1091 Chaldaeorum,

1196 1095 1417 1142 Persarum,
1433 1097 1471 1133 et
1490 1096 1773 1145 AEgyptiorum
1791 1107 1951 1145 operam
1967 1096 2148 1135 contulis-

1193 1150 1253 1185 set
1268 1148 1501 1186 christianae
1517 1149 1713 1199 Religioni
1733 1161 1874 1187 nomen
1891 1149 2010 1188 dedit.
2027 1151 2080 1188 At
2096 1151 2146 1188 ab

1193 1202 1353 1239 exordio
1382 1203 1516 1240 turbas
1544 1203 1583 1240 in
1613 1203 1790 1241 Ecclesia
1829 1202 1954 1250 fovit,
1993 1203 2145 1253 fuitque

1194 1255 1426 1304 praecipuus
1446 1258 1585 1293 auctor
1599 1256 1872 1303 contentionis,
1887 1269 1987 1306 quae
2002 1257 2145 1295 Antio-

1193 1308 1302 1346 chiae
1323 1311 1370 1347 de
1391 1310 1626 1348 necessitate
1647 1311 1921 1349 observandae
1942 1310 2039 1359 legis
2058 1311 2148 1349 Mo-

1191 1362 1319 1400 saicae
1349 1363 1546 1401 concitata
1574 1362 1658 1401 fuit.
1684 1364 1829 1402 Postea
1839 1364 2038 1402 orientalis
2054 1363 2145 1413 phi-

1190 1416 1386 1466 losophiae
1407 1420 1627 1455 commenta
1647 1430 1734 1455 cum
1755 1417 1897 1456 ritibus
1917 1417 2082 1456 iudaicis
2103 1420 2145 1455 et

1190 1470 1427 1508 christianae
1437 1470 1655 1520 Religionis
1664 1471 1864 1520 mysteriis
1874 1471 2143 1518 commiscens,

1190 1535 1264 1560 non
1277 1526 1431 1561 tantum
1444 1536 1467 1562 a
1478 1525 1637 1562 coelesti
1650 1525 1818 1563 veritate
1837 1524 2053 1572 aberravit,
2071 1525 2142 1563 sed

1188 1576 1226 1614 in
1257 1577 1556 1616 absurdissimos
1584 1590 1738 1616 errores
1767 1577 1939 1627 dilapsus
1968 1580 2050 1626 est,
2070 1590 2143 1616 no-

1189 1642 1357 1680 vamque
1378 1631 1580 1680 religionis
1600 1631 1764 1669 formam
1785 1631 2040 1681 excogitavit.
2063 1632 2142 1670 Er-

1188 1695 1298 1722 rores
1318 1685 1399 1722 eius
1418 1685 1616 1734 praecipui
1644 1684 1776 1723 fuere:
1797 1685 1989 1723 Mundum
2020 1696 2097 1722 non
2118 1696 2142 1723 a

1189 1738 1282 1784 Deo,
1302 1738 1366 1775 sed
1398 1738 1519 1775 inscio
1539 1738 1631 1784 Deo,
1653 1739 1701 1776 ab
1722 1738 1909 1776 aeonibus
1928 1737 2141 1777 rebellibus

1185 1791 1384 1829 conditum
1405 1791 1537 1829 fuisse.
1551 1792 1751 1830 Christum
1767 1804 1791 1830 a
1809 1792 1889 1830 Deo
1905 1792 2066 1830 missum
2090 1793 2140 1830 ad

1185 1857 1353 1882 aeonum
1364 1845 1616 1895 tyrannidem
1627 1845 2143 1894 deprimendam.Christum

1185 1910 1269 1936 esse
1289 1899 1489 1937 diversum
1511 1911 1534 1936 a
1553 1899 1641 1937 Iesu
1660 1913 1669 1946 ς
1687 1900 1788 1936 hunc
1809 1910 1892 1937 esse
1920 1911 1941 1937 e
1962 1898 2142 1948 coniugio

1184 1951 1335 2000 Iosephi
1368 1954 1408 1990 et
1428 1952 1581 1989 Mariae
1601 1952 1780 2002 genitum
1795 1982 1804 1999 ‚
1825 1952 1937 1990 illum
1968 1964 2089 1990 unum
2121 1964 2142 1990 e

1185 2004 1424 2043 felicioribus
1444 2005 1855 2044 aeonibus.Christum
1873 2005 1912 2043 in
1939 2006 2070 2044 Iesum
2092 2006 2143 2044 ad

1183 2058 1389 2096 Iordanem
1418 2059 1684 2106 descendisse,
1716 2061 1756 2097 et
1784 2061 1934 2109 postea,
1966 2071 2088 2108 quum
2108 2059 2142 2098 is

1181 2111 1220 2148 in
1241 2123 1399 2149 crucem
1418 2112 1624 2161 agebatur,
1635 2113 1684 2151 ad
1696 2113 1846 2151 coelum
1866 2113 2042 2152 rediisse.
2059 2113 2142 2151 Le-

1222 2217 1232 2237 1
1250 2217 1280 2248 S.
1296 2218 1411 2254 lustin„
1429 2217 1561 2258 Apoloq.
1578 2218 1622 2257 11;
1640 2228 1664 2249 s.
1678 2220 1836 2255 Irenacus,
1850 2218 2139 2258 Aclversusfiaere-

1180 2267 1237 2295 ses,
1255 2259 1271 2289 1.
1290 2260 1312 2297 I,
1329 2269 1354 2289 c.
1372 2259 1425 2297 *20;
1443 2269 1465 2289 s.
1485 2261 1634 2300 Epiphau.
1648 2286 1655 2298 ‚
1674 2264 1802 2291 naeres,
1821 2260 1855 2292 21
1870 2270 1877 2295 ;
1893 2261 2082 2299 'rertunian.‚
2097 2260 2143 2293 De

1181 2301 1300 2337 anima,
1318 2300 1408 2372 (21:3¹1,
1422 2304 1451 2331 et
1467 2301 1511 2332 De
1523 2302 1715 2343 praescript.
1733 2312 1759 2333 c.
1776 2302 1833 2341 33;
1850 2302 2046 2343 Theodoret,
2059 2302 2142 2335 Hae—

1181 2343 1238 2372 ret.
1272 2342 1354 2372 abu.
1387 2343 1434 2374 .I.

1220 2341 1276 2414 ssss.
1302 2384 1404 2414 lustin.
1416 2409 1423 2421 ,
1447 2384 1579 2424 Apoloq.
1599 2386 1624 2423 1;
1642 2395 1664 2415 s.
1682 2385 1778 2422 Iren,
1795 2385 1885 2423 ibid.;
1901 2386 2038 2425 Tcrtull,
2053 2385 2141 2427 Apo-

1181 2424 1242 2464 Inq.
1258 2435 1283 2455 c.
1305 2425 1354 2463 133
1380 2427 1508 2464 Enseu,
1534 2426 1609 2457 llixl.
1635 2427 1711 2458 eccl.
1731 2427 1749 2458 l.
1766 2427 1807 2466 11,
1824 2437 1848 2459 c.
1867 2427 1979 2466 113—14;
1997 2437 2020 2459 s.
2037 2428 2140 2468 Cyrill.

1180 2466 1346 2538 Hlicrosol„
1373 2466 1497 2499 catech.
1524 2469 1574 2507 i'l;
1598 2469 1798 2508 Tlicodoret.,
1823 2469 1843 2501 l.
1861 2480 1902 2508 c.;
1920 2479 1946 2501 s.
1964 2470 2138 2511 Augustin,

1182 2508 1310 2539 laeres.
1329 2519 1353 2539 c.
1378 2509 1399 2538 l.

1221 2550 1284 2580 Non
1309 2553 1356 2580 est
1381 2554 1479 2580 tamon
1505 2560 1564 2581 una
1589 2552 1722 2582 virorum
1748 2553 1939 2584 cruditorum
1963 2552 2001 2584 de
2023 2553 2082 2584 hac
2106 2561 2140 2584 rc

1180 2593 1344 2622 scutvntia.
1362 2591 1502 2622 Valesius
1520 2593 1682 2627 (Atmulut.
1702 2593 1743 2623 cul
1759 2594 1868 2626 Musei).
1885 2596 1903 2626 l.
1916 2594 1957 2634 11,
1973 2604 1998 2626 c.
2013 2594 2052 2634 1),
2065 2595 2140 2635 Pagi

1180 2631 1314 2669 (Crilica
1339 2634 1370 2663 in
1395 2634 1513 2664 lim-on.
1530 2635 1568 2664 :ul
1587 2644 1635 2665 an.
1653 2634 1714 2672 lu»,
1733 2640 1762 2666 et
1779 2637 1828 2667 :ilii
1845 2636 2032 2674 existimant,
2049 2645 2075 2668 s.
2091 2637 2140 2667 lu—

1179 2675 1291 2705 stinum
1318 2675 1412 2704 fuisse
1436 2675 1608 2715 dereptum.
1633 2680 1661 2706 vt
1683 2678 1720 2707 de
1744 2679 1866 2709 simone
1883 2686 1975 2719 mago
1991 2678 2138 2708 retulisse

1179 2725 1258 2754 quac
1274 2717 1433 2746 Svmmwm
1448 2718 1590 2753 Sam-um,
1606 2719 1696 2748 Deum
1711 2720 1906 2757 Sabinorum,
1921 2719 2137 2759 respiciebant.

1180 2758 1233 2787 Alii
1252 2767 1332 2793 vcro,
1348 2759 1426 2788 inter
1442 2767 1519 2797 quos
1537 2760 1686 2789 Bai-ouius
1699 2761 1826 2798 (Annal.
1842 2762 1880 2792 ad
1895 2770 1944 2792 an.
1959 2760 2021 2799 44),
2035 2764 2066 2792 et
2078 2761 2137 2791 Til-

1179 2799 1480 2831 lemout(illcffmoirae‘x
1495 2809 1579 2840 pour
1591 2801 1694 2831 serr-ir
1706 2803 1723 2833 α’
1736 2803 1834 2835 l'lzisl.
1847 2803 1920 2835 eccl.
1935 2807 1954 2834 t.
1968 2803 2001 2841 ll,
2011 2812 2039 2843 p.
2054 2801 2137 2843 482),

1180 2841 1211 2870 Ι).
1231 2840 1334 2870 lustini
1354 2841 1563 2872 uari-:itionem
1582 2843 1786 2876 vindivnrunt.

1218 2882 1231 2900 ³¹
1250 2882 1374 2918 huselt,
1400 2882 1453 2922 (lp.
1478 2883 1524 2913 vit.
1551 2894 1576 2914 c.
1598 2883 1700 2914 Μ-Ιῧ,
1726 2887 1839 2917 Auctor
1864 2884 2138 2919 Constitutionum

1179 2922 1286 2962 Apnxl.
1311 2924 1342 2959 (l.
1368 2925 1417 2958 w„
1443 2934 1466 2953 c.
1491 2926 1538 2958 u».
1557 2926 1709 2956 Arnobius
1728 2927 1900 2964 (Adversus
1915 2929 2034 2967 flentes,
2050 2927 2070 2958 l.
2087 2927 2134 2967 ll),

1179 2974 1201 2993 s.
1221 2965 1320 3003 (lyr-ill.
1347 2966 1494 2996 nit-rosel.
1513 2965 1544 3002 (l.
1564 2967 1612 3005 e),
1631 2968 1745 3008 :illique
1762 2969 1965 3007 tradiderunt,
1981 2969 2136 2999 Simonem

1178 3015 1311 3044 magum,
1337 3010 1365 3036 ut
1392 3008 1540 3037 ermwm
1561 3009 1777 3048 imperatorem
1795 3011 2002 3050 populumque
2020 3011 2137 3041 Roma-

1178 3057 1247 3076 num
1266 3048 1432 3080 deluderet.
1447 3054 1511 3078 aru·
1530 3051 1652 3088 magica
1677 3051 1781 3081 volare
1799 3051 2013 3090 tentasse‚se‹1
2036 3052 2067 3081 D.
2083 3052 2136 3082 re-

1178 3089 1212 3118 tri
1232 3091 1370 3119 oratione
1388 3100 1403 3118 υ
1420 3091 1540 3120 sublimi
1562 3091 1658 3122 l'uissc
1676 3092 1836 3123 deiectum.
1851 3093 1881 3123 ld
1898 3093 2000 3132 reipsa
2020 3091 2134 3123 sactum

1177 3140 1245 3159 csse
1262 3132 1430 3161 existimant
1451 3133 1530 3163 llerti
1550 3133 1646 3169 illest.
1664 3133 1736 3164 eccl.
1757 3139 1774 3164 t.
1794 3135 1827 3172 ΙΙ,
1841 3134 1913 3164 diss.
1929 3135 1949 3170 1,
1963 3142 1991 3164 n.
2006 3133 2066 3172 13),
2081 3134 2137 3164 Ba·

1180 3181 1242 3201 ron.
1269 3177 1297 3202 vt
1314 3173 1475 3204 'l'illvmont
1492 3175 1522 3209 (l.
1541 3175 1590 3206 cl.
1609 3176 1663 3205 Alii
1683 3175 1755 3205 illud
1773 3177 1901 3215 mystice
1918 3175 1956 3206 de
1972 3184 2136 3215 expugna-

1177 3214 1393 3245 noun-simonis
1407 3216 1532 3255 eiusque
1544 3217 1708 3247 haereseos
1722 3217 1984 3258 interpretandum
2000 3219 2136 3249 censent.
