2241 3473
703 146 829 178 VSQVE
858 146 910 173 AD
938 145 1108 173 SCfflSMA
1128 145 1358 174 OCCIDENTIS

76 214 243 253 ctionem
264 211 326 249 vel
346 222 550 260 personam
572 211 734 250 electam
761 211 1016 260 cognoscendi

77 270 146 306 aut
164 265 422 315 approbandi:
451 268 647 302 caeterum
678 277 716 302 sc
747 269 883 302 contra
903 265 1017 303 Ioan-

77 331 164 358 nem
184 318 382 368 appellare
404 319 451 355 ad
473 319 654 368 generale
676 319 896 356 concilium.
914 320 1018 360 Qua-

77 375 231 423 propter
248 372 429 409 Pontifex
451 372 575 409 idibus
593 371 820 419 quintilibus
837 384 898 409 an.
921 372 1018 409 1324

74 425 316 464 Ludovicum
332 455 340 468 ,
362 425 434 462 nisi
456 429 546 462 ante
567 425 748 462 calendas
767 426 936 463 octobris
956 426 1018 463 fe-

75 479 192 517 cisset
209 478 318 523 satis,
333 478 710 516 excommunicatum
732 478 912 526 omnique
933 480 1017 517 iure
1039 510 1041 531 3

75 532 290 581 imperandi
308 532 499 581 privatum
521 531 656 574 edixit,
674 533 713 567 et
733 532 909 569 omnibus
927 544 1018 581 pro-
1040 563 1041 575 ,

74 585 226 631 hibuit,
257 597 304 622 nc
334 585 369 622 ei
398 596 473 633 qua
501 584 726 632 imperatori
758 585 1017 623 obedientiam

74 643 143 677 aut
170 650 281 687 opem
312 641 564 686 praestarent.
597 637 815 674 Ludovicus
855 650 949 675 vero
980 639 1017 676 in

74 692 242 729 comitiis
262 692 320 729 ix⁰
335 691 517 728 calendas
539 690 760 728 novembris
782 692 880 740 apud
894 692 1020 730 Saxe-

77 745 246 783 nhausen
262 744 622 783 coactis.virulento
639 744 750 781 modo
767 749 903 782 contra
916 746 1021 783 Ioan-
1039 745 1041 766 ³

75 810 160 836 nem
183 798 301 836 XXII
324 797 571 840 declamavit,
591 797 633 834 et
652 798 700 834 ab
721 809 765 834 co
788 798 907 835 veluti
932 799 1019 836 hae-

76 863 204 889 reseos
223 851 466 898 aliorumque
488 851 694 887 criminum
725 862 808 895 reo,
831 853 877 888 ad
909 852 1018 889 futu-

76 917 162 942 rum
183 904 410 942 Pontificem
431 908 471 940 et
490 903 536 941 ad
558 907 730 941 sanctam
754 903 921 942 Matrem
942 906 1017 943 Ec-

75 957 232 996 clesiam
254 956 481 1007 provocavit
503 954 526 994 ¹.

129 1011 321 1048 Perverso
354 1009 518 1059 principi
540 1009 697 1048 venales
718 1010 887 1048 calamos
909 1023 1016 1049 com-

75 1064 284 1101 modarunt
304 1062 500 1101 Marsilius
529 1063 575 1100 de
595 1063 873 1109 Menandrino,
894 1065 1017 1103 Pata-

75 1117 203 1162 vinus,
223 1120 263 1154 et
283 1116 449 1154 Ioannes
470 1116 682 1161 laudunus,
706 1118 927 1163 Perusinus,
949 1119 1017 1156 do-

75 1173 201 1208 ctores
224 1169 485 1215 Parisienses,
513 1170 652 1218 quibus
681 1182 721 1207 se
751 1171 1017 1210 adiunxerunt

75 1223 240 1261 Michael
273 1223 487 1268 Caesenas,
518 1224 750 1261 Guiliclmus
780 1224 948 1263 Ocamus
978 1229 1017 1263 et

77 1276 337 1325 Bonagratia‚
367 1276 414 1313 ab
443 1276 587 1314 Ordine
606 1277 683 1314 FF.
705 1277 899 1315 Minor-um
921 1291 1015 1327 apo-

72 1333 212 1367 statae.
225 1330 311 1367 Duo
328 1329 634 1378 priores‚nempe
650 1331 849 1369 Marsilius
866 1335 904 1369 et
920 1333 1014 1369 Ian-

74 1383 222 1428 dunus,
250 1382 288 1420 in
319 1383 416 1420 libro
437 1384 502 1431 qui
522 1384 721 1431 Defensor
740 1386 854 1429 pacis
875 1385 1016 1423 inscri-

74 1439 163 1484 ptus
183 1439 281 1482 erat,
301 1436 348 1473 de
368 1439 558 1485 potestate
580 1437 826 1486 imperatoris
847 1440 886 1476 et
907 1439 1015 1476 Pon-

73 1489 190 1527 tificis
209 1489 266 1527 ita
285 1490 566 1535 disseruerunt,
583 1493 627 1527 ut
647 1491 850 1529 Pontificis
869 1492 1016 1540 prima-

73 1545 157 1580 tum
175 1542 423 1580 etEcclesiae
440 1544 752 1581 constitutionem
771 1545 817 1582 ab
834 1545 920 1582 imis
938 1546 1019 1583 fun-

73 1596 264 1634 damentis
294 1596 553 1634 destruerent.
584 1597 750 1634 Praeter
779 1598 876 1635 alios
905 1599 944 1635 in
974 1611 1018 1637 eo

74 1649 173 1686 libro
193 1649 439 1686 tradiderunt
461 1650 529 1687 hos
559 1661 732 1687 errores:
754 1651 947 1689 Christum
979 1651 1017 1690 in

75 1701 249 1739 Ecclesia
278 1713 354 1739 non
384 1703 630 1740 constituisse
657 1707 774 1752 caput
795 1704 967 1752 visibile;
988 1719 1018 1744 s.

75 1756 238 1793 Petrum
278 1766 351 1792 non
389 1755 474 1804 plus
516 1757 765 1794 auctoritatis
799 1760 991 1807 accepisse
1009 1790 1018 1805 ,

75 1819 193 1857 quam
209 1811 385 1846 caeteros
398 1809 614 1858 Apostolos;
627 1822 759 1847 omnes
786 1813 1018 1858 sacerdotes,

73 1861 159 1898 sive
179 1861 379 1909 pontifices
400 1864 483 1900 sive
504 1864 701 1912 episcopos
724 1865 806 1901 sive
828 1865 1020 1914 simplices

74 1914 342 1963 presbyteros,
365 1927 414 1952 ex
435 1916 681 1953 institutione
702 1917 833 1954 divina
855 1931 938 1956 esse
959 1931 1021 1967 po-

73 1970 216 2005 testate
249 1979 383 2016 pares,
404 1972 442 2006 et
462 1981 482 2006 e
502 1970 583 2006 sola
603 1970 849 2018 imperatoris
870 1984 1019 2009 conces-

71 2021 196 2066 sione,
217 2021 264 2058 ad
285 2024 366 2059 eius
389 2025 523 2060 nutum
546 2022 781 2070 revocabili,
811 2024 906 2062 alios
932 2025 1018 2063 aliis

72 2073 260 2112 maiorem
289 2075 432 2113 habere
466 2076 792 2123 iurisdictionem;
822 2078 1017 2116 neminem

73 2139 184 2176 posse
205 2128 253 2165 ab
276 2128 448 2166 Ecclesia
470 2130 638 2166 coerceri
659 2131 859 2178 punitione
881 2133 1018 2169 coacti-

73 2191 124 2217 va
151 2180 233 2218 sine
263 2193 453 2219 consensu
481 2183 746 2231 imperatoris3
785 2185 1018 2223 Pontificem

72 2245 197 2282 aeque
210 2234 258 2271 ab
273 2235 461 2284 episcopis
477 2248 522 2273 ac
535 2237 603 2273 hos
616 2236 741 2274 abillo
752 2249 862 2286 posse
870 2251 1017 2276 excom—

74 2287 286 2333 municari3
318 2289 365 2325 ad
401 2289 672 2338 imperatorem
712 2294 900 2339 spectare,
921 2293 1019 2329 Pon-

73 2339 199 2376 tifices
218 2339 423 2379 instituere
444 2346 483 2380 et
497 2343 687 2392 deponere
701 2375 710 2390 ,
731 2346 831 2382 Sede
851 2349 1016 2383 vacante

73 2392 289 2430 Ecclesiam
328 2406 487 2442 regere,
526 2409 730 2436 numerum
761 2399 1015 2436 ecclesiarum

73 2448 114 2483 et
132 2457 331 2484 sacrorum
354 2448 619 2487 ministrorum
641 2451 825 2496 definire,
846 2452 892 2489 de
913 2453 1018 2490 habi-

72 2498 184 2536 litate
217 2499 266 2536 ad
295 2499 459 2538 Ordines
495 2514 626 2540 sacros
664 2506 1015 2553 promovendorum

71 2551 280 2590 decernere
299 2582 307 2598 ‚
345 2555 507 2592 coucilia
544 2568 784 2606 congregare
801 2588 810 2604 ,
849 2559 1015 2597 Ordines

72 2604 273 2653 religiosos
294 2607 519 2656 approbare,
541 2609 732 2648 beneficia
751 2611 1016 2650 ecclesiastica

71 2658 260 2697 conferre.

123 2711 366 2750 Perniciosos
401 2712 469 2751 hos
503 2725 654 2754 errores
683 2718 958 2756 condemnavit
977 2722 1015 2756 et

74 2764 225 2814 prolixe
247 2765 469 2803 confutavit
488 2766 651 2806 Ioannes
671 2770 741 2818 Pp.
763 2771 1014 2809 constitutio-

72 2829 120 2854 ne
139 2819 243 2856 edita
262 2817 305 2856 κ’)
321 2819 503 2857 calendas
523 2823 744 2860 novembris
759 2824 859 2861 1327
871 2823 897 2861 ².
915 2826 1014 2863 Eos-

71 2871 156 2909 dem
186 2883 336 2910 errores
366 2872 616 2911 confutarunt
644 2877 850 2925 scriptores
879 2889 1016 2926 aequa-

70 2924 140 2970 les,
165 2925 392 2963 Alexander
412 2926 458 2963 de
479 2938 508 2963 s.
531 2927 692 2976 Elpidio,
714 2941 734 2966 e
757 2930 876 2978 priori
897 2942 1013 2980 gene-

73 2977 147 3015 rali
181 2979 558 3027 Augustinianorum
589 2981 901 3031 archiepiscopus
931 2985 1015 3022 Ra-

73 3032 322 3071 vennatensis
335 3031 349 3053 ³
363 3062 372 3078 ,
402 3033 588 3082 Pelagius
608 3034 795 3083 Alvarus,
817 3037 1015 3086 episcopus

116 3123 127 3145 ¹
142 3124 289 3164 naynald.
308 3125 346 3155 ad
363 3135 410 3155 an.
430 3124 544 3157 1323ss
554 3125 635 3156 i.—‘-‘
652 3128 798 3167 {zap-naid.
817 3129 854 3159 ad
873 3129 1012 3161 ai·.i327.

73 3207 95 3237 Α
114 3164 128 3186 3
144 3164 198 3212 [ξε.
216 3166 440 3238 ἓιέἒίῖιίίειίοηε
467 3167 596 3208 imperit·
621 3172 651 3199 et
678 3170 872 3202 auctoritate
894 3171 1016 3212 Papae,

100 3214 199 3238 rimini
258 3229 275 3237 -
301 3232 306 3238 .

1900 136 1952 173 93

1062 210 1254 249 Silvcnsis
1273 212 1312 248 in
1333 211 1535 251 Lusitania
1549 211 1574 256 ¹,
1594 211 1841 261 Augustinus
1856 211 2006 248 Trium·

1062 265 1170 312 plius,
1206 265 1486 312 Anconitanus,
1515 265 1670 303 Ordinis
1690 265 1954 302 Eremitarum
1974 277 2003 302 s.

1061 317 1267 365 Augustini
1281 317 1309 361 ²,
1340 319 1481 356 Petrus
1501 319 1547 356 de
1569 318 1719 357 Palude
1739 329 1806 356 seu
1828 317 2004 355 Paluda-

1038 367 1041 380 ⁸
1063 382 1148 414 nus,
1169 370 1323 407 Ordinis
1345 371 1420 409 FF.
1443 372 1764 410 Praedicatorum
1782 369 1808 408 ³.

1114 424 1232 461 Initio
1261 425 1349 460 anni
1374 425 1473 462 1327
1494 425 1736 469 Ludovicus,
1756 436 1780 462 a
1801 423 2004 462 Gibellinis

1062 477 1220 522 accitus,
1244 480 1468 525 properavit
1488 479 1525 515 in
1548 478 1715 522 Italiam,
1735 482 1774 516 et
1793 489 1922 515 mense
1942 476 2003 515 fe-

1063 530 1219 567 bruario
1250 530 1429 567 Tridenti
1450 531 1735 580 episcoporum,
1756 531 1943 568 abbatum
1963 532 2003 568 et

1062 583 1354 629 monachorum,
1385 585 1559 621 maxima
1588 596 1635 622 ex
1666 587 1775 633 parte
1805 583 2002 633 deposito-

1062 648 1161 680 rum,
1191 637 1618 675 excommunicatorum
1640 638 1701 675 vel
1723 639 2004 686 apostatarum,

1065 694 1300 726 conventum
1336 690 1490 734 habuit,
1527 691 1563 727 in
1593 702 1666 738 quo
1696 691 1858 728 Ioannes
1886 691 2004 728 XXII

1062 743 1266 780 haereseos
1296 742 1538 792 aliorumque
1566 744 1771 780 criminum
1803 747 2005 781 accusatus

1061 801 1100 832 ct
1129 796 1356 844 pontificatu
1386 797 1566 845 indignus
1592 797 1812 835 declaratus
1831 800 1899 835 est.
1921 797 2004 834 Lu-

1061 849 1223 886 dovicus
1245 849 1513 887 Mediolanum
1536 861 1776 898 progressus,
1792 851 1827 887 in
1845 850 2006 887 basilica

1061 903 1323 940 Ambrosiana
1361 915 1383 940 a
1417 903 1565 940 duobus
1597 903 1784 951 episcopis
1805 933 1814 948 ,
1849 905 2006 952 propter

1038 948 1039 962 ¹
1061 956 1224 992 crimina
1245 968 1317 994 sua
1338 956 1534 1005 depositis,
1549 968 1619 993 rex
1639 956 1932 1005 Longobardiae
1949 969 2006 994 co-

1059 1012 1222 1046 ronatus
1244 1009 1329 1047 fuit.
1348 1009 1592 1058 Quapropter
1610 1010 1774 1047 Ioannes
1790 1010 1861 1059 Pp.
1875 1039 1884 1054 ,
1901 1010 2004 1047 haud

1061 1062 1163 1099 ultra
1197 1063 1459 1100 cunctandum
1489 1066 1597 1100 ratus
1613 1092 1623 1108 ,
1651 1063 1711 1100 1x⁰
1731 1062 1912 1100 calendas
1933 1075 2005 1100 no-

1059 1116 1227 1153 vembris
1247 1116 1485 1154 sententiam
1508 1117 1545 1153 in
1563 1116 1806 1153 Ludovicum
1826 1115 2006 1153 fulmina-

1059 1169 1129 1213 vit,
1151 1180 1228 1217 qua
1250 1181 1337 1206 eum
1361 1170 1540 1207 omnibus
1561 1169 1711 1206 iuribus
1731 1171 1771 1206 et
1789 1169 1913 1207 feudis
1932 1169 2006 1206 im-

1059 1222 1274 1270 perialibus
1297 1222 1496 1271 privatum
1519 1222 1745 1267 declaravit,
1765 1222 1937 1260 subditos
1957 1223 2005 1259 ab

1063 1275 1146 1312 eius
1177 1276 1397 1313 obedientia
1425 1276 1610 1319 absolvit,
1640 1279 1679 1314 et
1698 1288 1746 1313 ne
1765 1275 1799 1313 ei
1820 1278 2007 1324 parerent

1061 1332 1130 1366 aut
1146 1341 1232 1366 cum
1252 1341 1296 1366 eo
1317 1330 1652 1367 communicarent
1668 1328 1895 1378 prohibuit4.

1114 1382 1335 1420 Ludovicus
1363 1383 1578 1420 sententias
1606 1394 1867 1431 censurasque
1895 1383 2005 1420 Pon-

1060 1434 1176 1473 tificis
1204 1447 1404 1484 spernens,
1425 1436 1536 1473 initio
1557 1436 1647 1473 anni
1670 1436 1771 1474 1328
1790 1447 1879 1473 cum
1901 1448 2006 1474 exer-

1062 1489 1143 1525 citu
1176 1489 1343 1526 Romam
1364 1490 1609 1539 properavit;
1630 1489 1776 1527 Urbem
1796 1489 2007 1538 ingressus,

1063 1542 1252 1579 Romanis
1282 1543 1408 1580 multa
1438 1542 1631 1591 promisit,
1653 1546 1693 1580 et
1714 1546 1802 1580 xvi⁰
1823 1542 2008 1580 calendas

1063 1594 1282 1633 februarias
1311 1597 1348 1633 in
1380 1597 1542 1634 basilica
1561 1607 1590 1633 s.
1612 1596 1720 1634 Petri
1741 1608 1764 1633 a
1783 1596 1921 1633 Iacobo
1941 1596 2004 1633 Al-

1061 1648 1182 1694 berto,
1202 1649 1460 1686 Venetiarum
1479 1649 1656 1698 episcopo
1678 1649 1870 1698 deposito,
1892 1650 2008 1698 impe-

1062 1705 1169 1738 rator
1204 1707 1409 1740 coronatus
1444 1705 1526 1748 est3
1561 1709 1648 1741 xiv⁰
1679 1703 1858 1740 calendas
1885 1703 2009 1740 maias

1063 1756 1286 1793 convocatis
1324 1756 1525 1805 quibusvis
1548 1756 1755 1806 apostatis,
1776 1767 2007 1794 excommu-

1064 1808 1226 1853 nicatis,
1261 1809 1468 1857 depositis,
1497 1810 1661 1858 aliisque
1688 1810 1824 1847 similis
1853 1810 2006 1859 generis

1063 1861 1309 1907 hominibus,
1331 1864 1512 1900 Iacobum
1534 1863 1816 1901 Cadurcensem
1839 1863 1916 1914 (ita
1935 1874 2006 1912 ap-

1062 1914 1233 1962 pellabat
1262 1916 1448 1953 Ioannem
1468 1914 1615 1966 XXII)
1638 1919 1795 1965 propter
1814 1916 2006 1953 haeresim

1062 1970 1102 2004 et
1121 1968 1198 2005 alia
1213 1968 1377 2007 crimina
1397 1970 1625 2018 pontificatu
1651 1969 1834 2018 omnique
1854 1969 2006 2007 benefi-

1063 2021 1122 2058 cio
1157 2024 1195 2058 et
1228 2021 1435 2071 privilegio
1464 2023 1658 2072 privatum
1690 2025 1806 2072 atque
1834 2023 1882 2060 ab
1902 2022 2007 2060 omni

1062 2074 1190 2112 iudice
1217 2075 1460 2124 puniendum
1491 2076 1787 2125 pronunciavit,
1808 2076 1904 2113 etin
1925 2076 2008 2114 eius

1063 2127 1191 2165 locum
1227 2129 1385 2166 intrusit
1418 2130 1583 2167 Petrum
1612 2131 1660 2167 de
1680 2129 1880 2173 Corbario,
1900 2130 2010 2167 Ordi-

1064 2181 1122 2218 nis
1149 2181 1227 2219 FF.
1257 2182 1476 2227 Minorum,
1505 2184 1575 2220 sub
1597 2182 1752 2220 nomine
1773 2182 1927 2221 Nicolai
1949 2182 2005 2226 V,

1059 2234 1123 2282 qui
1157 2246 1292 2272 rursus
1320 2237 1561 2273 Ludovicum
1591 2236 1868 2284 imperatorem
1888 2248 2000 2273 coro-

1060 2288 1182 2333 navit,
1196 2289 1376 2326 Ioannem
1388 2290 1504 2327 XXII
1517 2301 1726 2338 omnesque
1738 2290 1770 2327 ei
1784 2289 2006 2327 obedientes

1060 2342 1428 2381 excommunicavit.

1113 2394 1241 2435 Quum
1263 2397 1359 2433 haec
1380 2396 1595 2434 audivisset
1610 2397 1775 2434 loannes
1791 2396 1876 2443 Pp„
1900 2407 2006 2443 pseu-

1060 2447 1355 2496 do-pontificem
1379 2452 1419 2487 et
1441 2461 1574 2487 omnes
1594 2449 1813 2487 schismatis
1834 2448 2006 2486 fautores

1061 2502 1312 2539 anathemate
1332 2502 1505 2548 confixit,
1527 2514 1734 2551 precesque
1755 2501 1928 2551 publicas
1949 2501 2005 2538 in-

1060 2554 1173 2599 dixit,
1195 2557 1238 2592 ut
1257 2556 1389 2593 divina
1401 2556 1657 2594 Providentia
1672 2555 1875 2592 rebellium
1888 2555 2007 2592 corda

1060 2607 1109 2644 ad
1130 2608 1330 2646 Ecclesiae
1346 2609 1572 2658 obsequium
1590 2610 1774 2646 reducere
1791 2609 1852 2645 vel
1869 2619 2005 2645 eorum

1060 2661 1278 2709 superbiam
1300 2662 1444 2700 elidere
1465 2666 1504 2700 et
1525 2662 1715 2699 malitiam
1735 2663 1938 2698 conterere
1954 2661 2006 2698 di·

1061 2717 1262 2762 gnaretur.
1294 2716 1480 2752 Dominus
1509 2715 1657 2763 piorum
1680 2726 1814 2763 preces
1835 2714 2005 2752 exaudi-

1061 2768 1118 2803 vit
1137 2773 1175 2805 et
1197 2768 1390 2806 laboranti
1412 2768 1610 2805 Ecclesiae
1631 2779 1742 2816 opem
1763 2767 1876 2811 tulit;
1893 2779 2006 2817 agen-

1061 2820 1164 2858 tibus
1194 2822 1334 2870 quippe
1356 2821 1545 2858 cardinali
1566 2820 1941 2863 Ursino,Pontificis
1955 2821 2006 2858 le-

1059 2876 1164 2922 gato,
1194 2876 1233 2912 et
1254 2875 1427 2911 Roberto
1448 2885 1539 2922 rege
1559 2873 1765 2921 Neapolis,
1785 2875 1896 2911 brevi
1919 2877 2005 2923 post

1058 2937 1190 2964 rerum
1211 2930 1337 2965 status
1358 2928 1412 2964 ita
1433 2929 1608 2964 mutatus
1628 2929 1699 2972 est,
1723 2929 1766 2964 ut
1780 2926 1949 2965 Romani
1965 2932 2005 2965 et

1099 3053 1108 3074 ¹
1128 3052 1286 3093 Apoloyia
1303 3050 1435 3082 loannis
1450 3049 1539 3082 XXII
1549 3053 1661 3083 contra
1675 3051 1858 3083 Mamilium
1873 3053 1905 3084 et
1924 3050 2002 3084 Oca-

1057 3103 1158 3128 mum.
1177 3094 1314 3132 Lugdun.
1334 3092 1424 3128 1517,
1441 3097 1471 3122 et
1487 3093 1589 3124 Venet.
1608 3093 1686 3125 1560
1700 3094 1803 3126 in-t'ol.

1099 3135 1113 3156 ‘2
1130 3135 1172 3165 De
1188 3136 1342 3174 potestate
1357 3133 1579 3165 ecelesiastica.

1099 3178 1113 3198 3
1130 3175 1173 3206 Dc
1189 3183 1287 3206 causa
1302 3175 1490 3206 immediata
1513 3175 1748 3208 ecclesiasticae
1762 3176 1939 3217 potestatis.

1099 3218 1112 3240 4
1131 3217 1278 3256 Raynald.
1297 3217 1336 3247 ad
1352 3225 1400 3247 an.
1420 3216 1510 3248 1327.
