<?xml version="1.0" encoding="UTF-8"?>
<!DOCTYPE html PUBLIC "-//W3C//DTD XHTML 1.0 Transitional//EN"
    "http://www.w3.org/TR/xhtml1/DTD/xhtml1-transitional.dtd">
<html xmlns="http://www.w3.org/1999/xhtml" xml:lang="en" lang="en">
 <head>
  <title>
</title>
<meta http-equiv="Content-Type" content="text/html;charset=utf-8" />
  <meta name='ocr-system' content='tesseract 3.04.00' />
  <meta name='ocr-capabilities' content='ocr_page ocr_carea ocr_par ocr_line ocrx_word'/>
</head>
<body>
  <div class='ocr_page' id='page_1' title='image "./historiaeecclesi01wout_0297.png"; bbox 0 0 2241 3473; ppageno 0'>
   <div class='ocr_carea' id='block_1_1' title="bbox 568 142 1485 174">
    <p class='ocr_par' dir='ltr' id='par_1_1' title="bbox 568 142 1485 174">
     <span class='ocr_line' id='line_1_1' title="bbox 568 142 1485 174; baseline 0 -4"><span class='ocrx_word' id='word_1_1' title='bbox 568 142 696 174; x_wconf 71' lang='lat' dir='ltr'>VSQVE</span> <span class='ocrx_word' id='word_1_2' title='bbox 726 143 779 170; x_wconf 75' lang='lat' dir='ltr'>AD</span> <span class='ocrx_word' id='word_1_3' title='bbox 807 143 1108 170; x_wconf 74' lang='lat' dir='ltr'>PONTIFICATVM</span> <span class='ocrx_word' id='word_1_4' title='bbox 1137 144 1167 170; x_wconf 82' lang='lat' dir='ltr'>S.</span> <span class='ocrx_word' id='word_1_5' title='bbox 1187 143 1386 171; x_wconf 76' lang='lat' dir='ltr'>GREGORII</span> <span class='ocrx_word' id='word_1_6' title='bbox 1416 144 1485 170; x_wconf 78' lang='lat' dir='ltr'><strong>VII.</strong></span> 
     </span>
    </p>
   </div>
   <div class='ocr_carea' id='block_1_2' title="bbox 48 205 1008 2825">
    <p class='ocr_par' dir='ltr' id='par_1_2' title="bbox 48 205 1008 2825">
     <span class='ocr_line' id='line_1_2' title="bbox 57 205 1008 257; baseline -0.003 -11"><span class='ocrx_word' id='word_1_7' title='bbox 57 207 211 257; x_wconf 83' lang='lat' dir='ltr'>ligendo</span> <span class='ocrx_word' id='word_1_8' title='bbox 226 205 417 243; x_wconf 85' lang='lat' dir='ltr'>Pontifice</span> <span class='ocrx_word' id='word_1_9' title='bbox 433 205 719 254; x_wconf 80' lang='lat' dir='ltr'>exquisierunt;</span> <span class='ocrx_word' id='word_1_10' title='bbox 731 208 772 244; x_wconf 90' lang='lat' dir='ltr'>et</span> <span class='ocrx_word' id='word_1_11' title='bbox 785 206 955 254; x_wconf 81' lang='lat' dir='ltr'>pontifex</span> <span class='ocrx_word' id='word_1_12' title='bbox 973 218 1008 243; x_wconf 86' lang='lat' dir='ltr'>c-</span> 
     </span>
     <span class='ocr_line' id='line_1_3' title="bbox 57 258 1006 308; baseline -0.002 -10"><span class='ocrx_word' id='word_1_13' title='bbox 57 260 179 298; x_wconf 86' lang='lat' dir='ltr'>lectus</span> <span class='ocrx_word' id='word_1_14' title='bbox 189 261 249 296; x_wconf 86' lang='lat' dir='ltr'>est</span> <span class='ocrx_word' id='word_1_15' title='bbox 258 258 470 306; x_wconf 81' lang='lat' dir='ltr'>Gregorius</span> <span class='ocrx_word' id='word_1_16' title='bbox 480 259 528 303; x_wconf 68' lang='lat' dir='ltr'>V,</span> <span class='ocrx_word' id='word_1_17' title='bbox 539 263 657 296; x_wconf 84' lang='lat' dir='ltr'>antea</span> <span class='ocrx_word' id='word_1_18' title='bbox 670 259 891 308; x_wconf 84' lang='lat' dir='ltr'>appellatus</span> <span class='ocrx_word' id='word_1_19' title='bbox 901 260 1006 296; x_wconf 78' lang='lat' dir='ltr'>Bru-</span> 
     </span>
     <span class='ocr_line' id='line_1_4' title="bbox 57 311 1002 359; baseline -0.003 -8"><span class='ocrx_word' id='word_1_20' title='bbox 57 324 124 359; x_wconf 71' lang='grc' dir='ltr'>πο,</span> <span class='ocrx_word' id='word_1_21' title='bbox 143 311 376 355; x_wconf 79' lang='lat' dir='ltr'>Germanus,</span> <span class='ocrx_word' id='word_1_22' title='bbox 397 311 507 359; x_wconf 78' lang='lat' dir='ltr'>regia</span> <span class='ocrx_word' id='word_1_23' title='bbox 533 311 690 348; x_wconf 83' lang='lat' dir='ltr'>Ottouis</span> <span class='ocrx_word' id='word_1_24' title='bbox 711 311 899 348; x_wconf 77' lang='lat' dir='ltr'>affinitate</span> <span class='ocrx_word' id='word_1_25' title='bbox 920 311 1002 348; x_wconf 84' lang='lat' dir='ltr'>cla-</span> 
     </span>
     <span class='ocr_line' id='line_1_5' title="bbox 59 363 1005 411; baseline -0.002 -9"><span class='ocrx_word' id='word_1_26' title='bbox 59 363 313 411; x_wconf 84' lang='lat' dir='ltr'>rus,eiusque</span> <span class='ocrx_word' id='word_1_27' title='bbox 334 363 571 411; x_wconf 77' lang='lat' dir='ltr'>capellanus,</span> <span class='ocrx_word' id='word_1_28' title='bbox 592 363 736 401; x_wconf 86' lang='lat' dir='ltr'>litteris</span> <span class='ocrx_word' id='word_1_29' title='bbox 763 364 940 400; x_wconf 86' lang='lat' dir='ltr'>eruditus</span> <span class='ocrx_word' id='word_1_30' title='bbox 965 367 1005 400; x_wconf 89' lang='lat' dir='ltr'>et</span> 
     </span>
     <span class='ocr_line' id='line_1_6' title="bbox 59 414 1001 464; baseline -0.002 -10"><span class='ocrx_word' id='word_1_31' title='bbox 59 417 108 455; x_wconf 73' lang='lat' dir='ltr'>ab</span> <span class='ocrx_word' id='word_1_32' title='bbox 121 415 382 453; x_wconf 80' lang='lat' dir='ltr'>adolescentia</span> <span class='ocrx_word' id='word_1_33' title='bbox 394 416 497 452; x_wconf 81' lang='lat' dir='ltr'>clero</span> <span class='ocrx_word' id='word_1_34' title='bbox 514 416 730 464; x_wconf 83' lang='lat' dir='ltr'>adscriptus</span> <span class='ocrx_word' id='word_1_35' title='bbox 744 414 768 452; x_wconf 91' lang='lat'>¹.</span> <span class='ocrx_word' id='word_1_36' title='bbox 787 415 821 451; x_wconf 91' lang='lat' dir='ltr'>Is</span> <span class='ocrx_word' id='word_1_37' title='bbox 838 428 912 462; x_wconf 83' lang='lat' dir='ltr'>quo</span> <span class='ocrx_word' id='word_1_38' title='bbox 928 416 1001 460; x_wconf 87' lang='lat' dir='ltr'>die,</span> 
     </span>
     <span class='ocr_line' id='line_1_7' title="bbox 55 467 1003 512; baseline -0.004 -6"><span class='ocrx_word' id='word_1_39' title='bbox 55 468 187 507; x_wconf 78' lang='lat' dir='ltr'><strong>subdit</strong></span> <span class='ocrx_word' id='word_1_40' title='bbox 212 468 395 511; x_wconf 79' lang='lat' dir='ltr'>Sandini,</span> <span class='ocrx_word' id='word_1_41' title='bbox 423 468 649 505; x_wconf 81' lang='lat' dir='ltr'>Pontificem</span> <span class='ocrx_word' id='word_1_42' title='bbox 680 472 836 504; x_wconf 81' lang='lat' dir='ltr'>creatus</span> <span class='ocrx_word' id='word_1_43' title='bbox 872 467 1003 512; x_wconf 81' lang='lat' dir='ltr'>fucrit,</span> 
     </span>
     <span class='ocr_line' id='line_1_8' title="bbox 55 521 1002 568; baseline -0.003 -10"><span class='ocrx_word' id='word_1_44' title='bbox 55 532 130 558; x_wconf 90' lang='lat' dir='ltr'>non</span> <span class='ocrx_word' id='word_1_45' title='bbox 150 521 356 568; x_wconf 83' lang='lat' dir='ltr'><strong>comperio.</strong></span> <span class='ocrx_word' id='word_1_46' title='bbox 375 523 476 558; x_wconf 83' lang='lat' dir='ltr'><strong>Ante</strong></span> <span class='ocrx_word' id='word_1_47' title='bbox 496 521 597 557; x_wconf 87' lang='lat' dir='ltr'>diem</span> <span class='ocrx_word' id='word_1_48' title='bbox 614 524 743 557; x_wconf 85' lang='lat' dir='ltr'>tamen</span> <span class='ocrx_word' id='word_1_49' title='bbox 763 523 1002 568; x_wconf 81' lang='lat' dir='ltr'>postremum</span> 
     </span>
     <span class='ocr_line' id='line_1_9' title="bbox 53 573 1002 620; baseline -0.003 -10"><span class='ocrx_word' id='word_1_50' title='bbox 53 573 146 611; x_wconf 83' lang='lat' dir='ltr'>maii</span> <span class='ocrx_word' id='word_1_51' title='bbox 175 573 304 610; x_wconf 87' lang='lat' dir='ltr'>iniisse</span> <span class='ocrx_word' id='word_1_52' title='bbox 335 574 521 610; x_wconf 88' lang='lat' dir='ltr'>honorem</span> <span class='ocrx_word' id='word_1_53' title='bbox 550 584 769 617; x_wconf 87' lang='lat' dir='ltr'>summum,</span> <span class='ocrx_word' id='word_1_54' title='bbox 800 583 866 620; x_wconf 90' lang='lat' dir='ltr'>pro</span> <span class='ocrx_word' id='word_1_55' title='bbox 897 575 1002 608; x_wconf 81' lang='lat' dir='ltr'>certo</span> 
     </span>
     <span class='ocr_line' id='line_1_10' title="bbox 54 624 1003 672; baseline -0.002 -9"><span class='ocrx_word' id='word_1_56' title='bbox 54 625 403 663; x_wconf 73' lang='lat' dir='ltr'>affirmaverimEa</span> <span class='ocrx_word' id='word_1_57' title='bbox 416 626 517 662; x_wconf 87' lang='lat' dir='ltr'>enim</span> <span class='ocrx_word' id='word_1_58' title='bbox 530 625 604 668; x_wconf 89' lang='lat' dir='ltr'>die,</span> <span class='ocrx_word' id='word_1_59' title='bbox 613 636 711 672; x_wconf 86' lang='lat' dir='ltr'>quae</span> <span class='ocrx_word' id='word_1_60' title='bbox 722 624 906 661; x_wconf 87' lang='lat' dir='ltr'>solemnis</span> <span class='ocrx_word' id='word_1_61' title='bbox 917 627 1003 661; x_wconf 81' lang='lat' dir='ltr'>orat</span> 
     </span>
     <span class='ocr_line' id='line_1_11' title="bbox 55 676 1001 721; baseline -0.004 -5"><span class='ocrx_word' id='word_1_62' title='bbox 55 678 310 716; x_wconf 80' lang='lat' dir='ltr'>Pentecostes</span> <span class='ocrx_word' id='word_1_63' title='bbox 339 678 519 715; x_wconf 86' lang='lat' dir='ltr'>Ottonem</span> <span class='ocrx_word' id='word_1_64' title='bbox 543 677 620 721; x_wconf 91' lang='lat'>111,</span> <span class='ocrx_word' id='word_1_65' title='bbox 640 677 749 713; x_wconf 86' lang='lat' dir='ltr'>cuius</span> <span class='ocrx_word' id='word_1_66' title='bbox 769 676 904 713; x_wconf 78' lang='lat' dir='ltr'>favore</span> <span class='ocrx_word' id='word_1_67' title='bbox 928 688 1001 712; x_wconf 86' lang='lat' dir='ltr'>au-</span> 
     </span>
     <span class='ocr_line' id='line_1_12' title="bbox 53 729 1004 777; baseline -0.004 -9"><span class='ocrx_word' id='word_1_68' title='bbox 53 733 139 768; x_wconf 84' lang='lat' dir='ltr'>ctus</span> <span class='ocrx_word' id='word_1_69' title='bbox 155 729 285 767; x_wconf 80' lang='lat' dir='ltr'>fuerat</span> <span class='ocrx_word' id='word_1_70' title='bbox 301 730 491 777; x_wconf 81' lang='lat' dir='ltr'>dignitate</span> <span class='ocrx_word' id='word_1_71' title='bbox 507 732 632 772; x_wconf 86' lang='lat' dir='ltr'>tanta,</span> <span class='ocrx_word' id='word_1_72' title='bbox 649 729 928 777; x_wconf 72' lang='lat' dir='ltr'>imperatorem</span> <span class='ocrx_word' id='word_1_73' title='bbox 945 740 1004 765; x_wconf 87' lang='lat' dir='ltr'>co-</span> 
     </span>
     <span class='ocr_line' id='line_1_13' title="bbox 53 781 1006 827; baseline -0.003 -7"><span class='ocrx_word' id='word_1_74' title='bbox 53 783 234 827; x_wconf 80' lang='lat' dir='ltr'>ronavit,</span> <span class='ocrx_word' id='word_1_75' title='bbox 262 786 301 819; x_wconf 91' lang='lat' dir='ltr'>et</span> <span class='ocrx_word' id='word_1_76' title='bbox 328 782 585 818; x_wconf 75' lang='lat' dir='ltr'><em>Advocatum</em></span> <span class='ocrx_word' id='word_1_77' title='bbox 609 781 816 818; x_wconf 68' lang='lat' dir='ltr'>Ecclesiae</span> <span class='ocrx_word' id='word_1_78' title='bbox 835 792 866 817; x_wconf 75' lang='grc'>3.</span> <span class='ocrx_word' id='word_1_79' title='bbox 889 781 1006 817; x_wconf 75' lang='lat' dir='ltr'>Petri</span> 
     </span>
     <span class='ocr_line' id='line_1_14' title="bbox 53 833 1000 883; baseline -0.002 -11"><span class='ocrx_word' id='word_1_80' title='bbox 53 833 220 883; x_wconf 77' lang='lat' dir='ltr'>effecit2.</span> <span class='ocrx_word' id='word_1_81' title='bbox 237 834 279 871; x_wconf 93' lang='lat' dir='ltr'>In</span> <span class='ocrx_word' id='word_1_82' title='bbox 300 835 448 882; x_wconf 75' lang='lat' dir='ltr'>synodo</span> <span class='ocrx_word' id='word_1_83' title='bbox 468 845 599 871; x_wconf 88' lang='lat' dir='ltr'>coram</span> <span class='ocrx_word' id='word_1_84' title='bbox 621 845 666 870; x_wconf 90' lang='lat' dir='ltr'>eo</span> <span class='ocrx_word' id='word_1_85' title='bbox 682 834 832 870; x_wconf 84' lang='lat' dir='ltr'>Romae</span> <span class='ocrx_word' id='word_1_86' title='bbox 852 833 1000 878; x_wconf 88' lang='lat' dir='ltr'>habita,</span> 
     </span>
     <span class='ocr_line' id='line_1_15' title="bbox 51 885 1000 936; baseline -0.003 -12"><span class='ocrx_word' id='word_1_87' title='bbox 51 887 259 936; x_wconf 85' lang='lat' dir='ltr'>collegium</span> <span class='ocrx_word' id='word_1_88' title='bbox 280 886 569 934; x_wconf 89' lang='lat' dir='ltr'>Septemvirum</span> <span class='ocrx_word' id='word_1_89' title='bbox 601 885 831 934; x_wconf 70' lang='lat' dir='ltr'>Imperatori</span> <span class='ocrx_word' id='word_1_90' title='bbox 860 897 1000 922; x_wconf 85' lang='lat' dir='ltr'>crean-</span> 
     </span>
     <span class='ocr_line' id='line_1_16' title="bbox 53 937 1000 984; baseline -0.002 -8"><span class='ocrx_word' id='word_1_91' title='bbox 53 939 114 984; x_wconf 90' lang='lat' dir='ltr'>do,</span> <span class='ocrx_word' id='word_1_92' title='bbox 129 939 240 977; x_wconf 84' lang='lat' dir='ltr'>salva</span> <span class='ocrx_word' id='word_1_93' title='bbox 259 939 306 975; x_wconf 87' lang='lat' dir='ltr'>R.</span> <span class='ocrx_word' id='word_1_94' title='bbox 327 938 528 975; x_wconf 83' lang='lat' dir='ltr'>Pontificis</span> <span class='ocrx_word' id='word_1_95' title='bbox 548 937 864 982; x_wconf 89' lang='lat' dir='ltr'>confirmatione,</span> <span class='ocrx_word' id='word_1_96' title='bbox 884 937 1000 974; x_wconf 90' lang='lat' dir='ltr'>insti-</span> 
     </span>
     <span class='ocr_line' id='line_1_17' title="bbox 52 990 1000 1038; baseline -0.003 -9"><span class='ocrx_word' id='word_1_97' title='bbox 52 991 149 1037; x_wconf 80' lang='lat' dir='ltr'>tuit3</span> <span class='ocrx_word' id='word_1_98' title='bbox 167 991 234 1029; x_wconf 88' lang='lat' dir='ltr'>sed</span> <span class='ocrx_word' id='word_1_99' title='bbox 254 990 343 1028; x_wconf 90' lang='lat' dir='ltr'>huic</span> <span class='ocrx_word' id='word_1_100' title='bbox 364 991 410 1027; x_wconf 90' lang='lat' dir='ltr'>de</span> <span class='ocrx_word' id='word_1_101' title='bbox 426 990 670 1028; x_wconf 89' lang='lat' dir='ltr'>institutione</span> <span class='ocrx_word' id='word_1_102' title='bbox 691 993 840 1038; x_wconf 79' lang='lat' dir='ltr'>septem</span> <span class='ocrx_word' id='word_1_103' title='bbox 861 991 1000 1027; x_wconf 88' lang='lat' dir='ltr'>electo-</span> 
     </span>
     <span class='ocr_line' id='line_1_18' title="bbox 52 1042 789 1081; baseline -0.004 1"><span class='ocrx_word' id='word_1_104' title='bbox 52 1055 139 1081; x_wconf 83' lang='lat' dir='ltr'>rum</span> <span class='ocrx_word' id='word_1_105' title='bbox 157 1043 374 1081; x_wconf 86' lang='lat' dir='ltr'>sententiae</span> <span class='ocrx_word' id='word_1_106' title='bbox 390 1043 454 1080; x_wconf 90' lang='lat' dir='ltr'>alii</span> <span class='ocrx_word' id='word_1_107' title='bbox 476 1043 749 1080; x_wconf 87' lang='lat' dir='ltr'>contradicunt</span> <span class='ocrx_word' id='word_1_108' title='bbox 763 1042 789 1080; x_wconf 76' lang='lat'>3.</span> 
     </span>
     <span class='ocr_line' id='line_1_19' title="bbox 104 1094 1000 1144; baseline -0.002 -11"><span class='ocrx_word' id='word_1_109' title='bbox 104 1096 342 1144; x_wconf 73' lang='lat' dir='ltr'>Imperator,</span> <span class='ocrx_word' id='word_1_110' title='bbox 361 1095 494 1133; x_wconf 86' lang='lat' dir='ltr'>habito</span> <span class='ocrx_word' id='word_1_111' title='bbox 515 1107 601 1132; x_wconf 82' lang='lat' dir='ltr'>eum</span> <span class='ocrx_word' id='word_1_112' title='bbox 619 1095 808 1132; x_wconf 86' lang='lat' dir='ltr'>Romanis</span> <span class='ocrx_word' id='word_1_113' title='bbox 829 1094 973 1143; x_wconf 87' lang='lat' dir='ltr'>placito</span> <span class='ocrx_word' id='word_1_114' title='bbox 991 1124 1000 1139; x_wconf 93' lang='lat'>,</span> 
     </span>
     <span class='ocr_line' id='line_1_20' title="bbox 50 1147 1000 1196; baseline -0.002 -10"><span class='ocrx_word' id='word_1_115' title='bbox 50 1147 318 1186; x_wconf 76' lang='lat' dir='ltr'>crescentium</span> <span class='ocrx_word' id='word_1_116' title='bbox 347 1148 557 1196; x_wconf 79' lang='lat' dir='ltr'>patricium</span> <span class='ocrx_word' id='word_1_117' title='bbox 575 1177 585 1193; x_wconf 91' lang='lat'>,</span> <span class='ocrx_word' id='word_1_118' title='bbox 615 1148 679 1196; x_wconf 86' lang='lat' dir='ltr'>qui</span> <span class='ocrx_word' id='word_1_119' title='bbox 708 1149 895 1184; x_wconf 90' lang='lat' dir='ltr'>Ioannem</span> <span class='ocrx_word' id='word_1_120' title='bbox 922 1147 1000 1184; x_wconf 84' lang='lat' dir='ltr'>XV</span> 
     </span>
     <span class='ocr_line' id='line_1_21' title="bbox 50 1200 1000 1245; baseline -0.002 -7"><span class='ocrx_word' id='word_1_121' title='bbox 50 1201 184 1238; x_wconf 89' lang='lat' dir='ltr'>multis</span> <span class='ocrx_word' id='word_1_122' title='bbox 203 1200 359 1238; x_wconf 87' lang='lat' dir='ltr'>iniuriis</span> <span class='ocrx_word' id='word_1_123' title='bbox 379 1201 577 1245; x_wconf 87' lang='lat' dir='ltr'>affecerat,</span> <span class='ocrx_word' id='word_1_124' title='bbox 598 1201 713 1238; x_wconf 74' lang='lat' dir='ltr'>exilio</span> <span class='ocrx_word' id='word_1_125' title='bbox 730 1201 898 1238; x_wconf 83' lang='lat' dir='ltr'>multare</span> <span class='ocrx_word' id='word_1_126' title='bbox 915 1212 1000 1237; x_wconf 86' lang='lat' dir='ltr'>con—</span> 
     </span>
     <span class='ocr_line' id='line_1_22' title="bbox 51 1253 998 1302; baseline -0.003 -11"><span class='ocrx_word' id='word_1_127' title='bbox 51 1253 190 1298; x_wconf 78' lang='lat' dir='ltr'>stituit,</span> <span class='ocrx_word' id='word_1_128' title='bbox 207 1254 274 1290; x_wconf 90' lang='lat' dir='ltr'>sed</span> <span class='ocrx_word' id='word_1_129' title='bbox 294 1256 452 1302; x_wconf 88' lang='lat' dir='ltr'>propter</span> <span class='ocrx_word' id='word_1_130' title='bbox 474 1265 605 1301; x_wconf 83' lang='lat' dir='ltr'>preces</span> <span class='ocrx_word' id='word_1_131' title='bbox 622 1253 803 1302; x_wconf 84' lang='lat' dir='ltr'>Gregorii</span> <span class='ocrx_word' id='word_1_132' title='bbox 820 1253 857 1291; x_wconf 91' lang='lat' dir='ltr'><strong>V</strong></span> <span class='ocrx_word' id='word_1_133' title='bbox 872 1253 998 1290; x_wconf 87' lang='lat' dir='ltr'>eidem</span> 
     </span>
     <span class='ocr_line' id='line_1_23' title="bbox 50 1305 1000 1354; baseline -0.002 -10"><span class='ocrx_word' id='word_1_134' title='bbox 50 1305 236 1354; x_wconf 86' lang='lat' dir='ltr'>pepercit.</span> <span class='ocrx_word' id='word_1_135' title='bbox 258 1306 311 1343; x_wconf 88' lang='lat' dir='ltr'>At</span> <span class='ocrx_word' id='word_1_136' title='bbox 331 1317 417 1343; x_wconf 89' lang='lat' dir='ltr'>cum</span> <span class='ocrx_word' id='word_1_137' title='bbox 439 1306 530 1343; x_wconf 87' lang='lat' dir='ltr'>Otto</span> <span class='ocrx_word' id='word_1_138' title='bbox 551 1306 606 1343; x_wconf 90' lang='lat' dir='ltr'>III</span> <span class='ocrx_word' id='word_1_139' title='bbox 624 1307 662 1342; x_wconf 91' lang='lat' dir='ltr'>in</span> <span class='ocrx_word' id='word_1_140' title='bbox 679 1306 928 1343; x_wconf 82' lang='lat' dir='ltr'>Germaniam</span> <span class='ocrx_word' id='word_1_141' title='bbox 946 1317 1000 1342; x_wconf 89' lang='lat' dir='ltr'>es-</span> 
     </span>
     <span class='ocr_line' id='line_1_24' title="bbox 50 1358 998 1408; baseline -0.003 -11"><span class='ocrx_word' id='word_1_142' title='bbox 50 1361 111 1397; x_wconf 87' lang='lat' dir='ltr'>set</span> <span class='ocrx_word' id='word_1_143' title='bbox 128 1369 343 1408; x_wconf 84' lang='lat' dir='ltr'>regressus,</span> <span class='ocrx_word' id='word_1_144' title='bbox 358 1359 605 1396; x_wconf 87' lang='lat' dir='ltr'>Crescentius</span> <span class='ocrx_word' id='word_1_145' title='bbox 618 1388 627 1403; x_wconf 96' lang='lat'>,</span> <span class='ocrx_word' id='word_1_146' title='bbox 649 1359 715 1407; x_wconf 87' lang='lat' dir='ltr'>qui</span> <span class='ocrx_word' id='word_1_147' title='bbox 735 1371 784 1396; x_wconf 82' lang='lat' dir='ltr'>ex</span> <span class='ocrx_word' id='word_1_148' title='bbox 805 1369 896 1396; x_wconf 88' lang='lat' dir='ltr'>arce</span> <span class='ocrx_word' id='word_1_149' title='bbox 913 1358 998 1394; x_wconf 87' lang='lat' dir='ltr'>Ha-</span> 
     </span>
     <span class='ocr_line' id='line_1_25' title="bbox 50 1411 998 1460; baseline -0.001 -12"><span class='ocrx_word' id='word_1_150' title='bbox 50 1411 187 1448; x_wconf 83' lang='lat' dir='ltr'>driana</span> <span class='ocrx_word' id='word_1_151' title='bbox 226 1412 315 1448; x_wconf 91' lang='lat' dir='ltr'>urbi</span> <span class='ocrx_word' id='word_1_152' title='bbox 339 1411 547 1460; x_wconf 81' lang='lat' dir='ltr'>tyrannice</span> <span class='ocrx_word' id='word_1_153' title='bbox 579 1411 823 1459; x_wconf 76' lang='lat' dir='ltr'>imperabat,</span> <span class='ocrx_word' id='word_1_154' title='bbox 844 1411 998 1458; x_wconf 85' lang='lat' dir='ltr'>Grego-</span> 
     </span>
     <span class='ocr_line' id='line_1_26' title="bbox 52 1463 1000 1512; baseline -0.001 -12"><span class='ocrx_word' id='word_1_155' title='bbox 52 1463 154 1500; x_wconf 86' lang='lat' dir='ltr'>rium</span> <span class='ocrx_word' id='word_1_156' title='bbox 175 1463 245 1512; x_wconf 92' lang='lat' dir='ltr'>Pp.</span> <span class='ocrx_word' id='word_1_157' title='bbox 266 1464 303 1500; x_wconf 92' lang='lat' dir='ltr'><strong>V</strong></span> <span class='ocrx_word' id='word_1_158' title='bbox 323 1464 448 1508; x_wconf 89' lang='lat' dir='ltr'>eiecit,</span> <span class='ocrx_word' id='word_1_159' title='bbox 470 1467 510 1501; x_wconf 90' lang='lat' dir='ltr'>et</span> <span class='ocrx_word' id='word_1_160' title='bbox 529 1464 568 1500; x_wconf 92' lang='lat' dir='ltr'>in</span> <span class='ocrx_word' id='word_1_161' title='bbox 588 1464 672 1500; x_wconf 91' lang='lat' dir='ltr'>eius</span> <span class='ocrx_word' id='word_1_162' title='bbox 694 1464 821 1501; x_wconf 88' lang='lat' dir='ltr'>locum</span> <span class='ocrx_word' id='word_1_163' title='bbox 842 1464 1000 1500; x_wconf 79' lang='lat' dir='ltr'>intrusit</span> 
     </span>
     <span class='ocr_line' id='line_1_27' title="bbox 49 1515 998 1564; baseline 0 -11"><span class='ocrx_word' id='word_1_164' title='bbox 49 1515 230 1554; x_wconf 86' lang='lat' dir='ltr'>Ioannem</span> <span class='ocrx_word' id='word_1_165' title='bbox 245 1516 465 1564; x_wconf 90' lang='lat' dir='ltr'>episcopum</span> <span class='ocrx_word' id='word_1_166' title='bbox 486 1516 772 1554; x_wconf 87' lang='lat' dir='ltr'>Placentinum.</span> <span class='ocrx_word' id='word_1_167' title='bbox 786 1516 998 1564; x_wconf 84' lang='lat' dir='ltr'>Gregorius</span> 
     </span>
     <span class='ocr_line' id='line_1_28' title="bbox 49 1568 996 1617; baseline 0 -12"><span class='ocrx_word' id='word_1_168' title='bbox 49 1579 91 1606; x_wconf 90' lang='lat' dir='ltr'>se</span> <span class='ocrx_word' id='word_1_169' title='bbox 109 1568 276 1606; x_wconf 91' lang='lat' dir='ltr'>contulit</span> <span class='ocrx_word' id='word_1_170' title='bbox 285 1569 484 1613; x_wconf 89' lang='lat' dir='ltr'>Ticinum,</span> <span class='ocrx_word' id='word_1_171' title='bbox 502 1569 631 1617; x_wconf 86' lang='lat' dir='ltr'>ibique</span> <span class='ocrx_word' id='word_1_172' title='bbox 649 1572 785 1606; x_wconf 87' lang='lat' dir='ltr'>coacta</span> <span class='ocrx_word' id='word_1_173' title='bbox 801 1581 903 1606; x_wconf 89' lang='lat' dir='ltr'>anno</span> <span class='ocrx_word' id='word_1_174' title='bbox 919 1569 996 1607; x_wconf 84' lang='lat'>997</span> 
     </span>
     <span class='ocr_line' id='line_1_29' title="bbox 51 1621 997 1670; baseline 0 -12"><span class='ocrx_word' id='word_1_175' title='bbox 51 1621 198 1670; x_wconf 79' lang='lat' dir='ltr'>synodo</span> <span class='ocrx_word' id='word_1_176' title='bbox 230 1621 500 1659; x_wconf 83' lang='lat' dir='ltr'>Crescentium</span> <span class='ocrx_word' id='word_1_177' title='bbox 535 1623 788 1659; x_wconf 89' lang='lat' dir='ltr'>anathemate</span> <span class='ocrx_word' id='word_1_178' title='bbox 817 1622 997 1670; x_wconf 90' lang='lat' dir='ltr'>perculit.</span> 
     </span>
     <span class='ocr_line' id='line_1_30' title="bbox 50 1672 997 1720; baseline -0.001 -9"><span class='ocrx_word' id='word_1_179' title='bbox 50 1672 142 1711; x_wconf 89' lang='lat' dir='ltr'>Otto</span> <span class='ocrx_word' id='word_1_180' title='bbox 161 1673 378 1718; x_wconf 90' lang='lat' dir='ltr'>III,audita</span> <span class='ocrx_word' id='word_1_181' title='bbox 400 1674 604 1711; x_wconf 87' lang='lat' dir='ltr'>Pontificis</span> <span class='ocrx_word' id='word_1_182' title='bbox 624 1675 811 1711; x_wconf 87' lang='lat' dir='ltr'>eiectione</span> <span class='ocrx_word' id='word_1_183' title='bbox 826 1703 834 1720; x_wconf 87' lang='lat'>,</span> <span class='ocrx_word' id='word_1_184' title='bbox 851 1674 890 1711; x_wconf 88' lang='lat' dir='ltr'>in</span> <span class='ocrx_word' id='word_1_185' title='bbox 912 1674 997 1711; x_wconf 91' lang='lat' dir='ltr'>Ita-</span> 
     </span>
     <span class='ocr_line' id='line_1_31' title="bbox 49 1725 998 1775; baseline 0 -12"><span class='ocrx_word' id='word_1_186' title='bbox 49 1725 141 1764; x_wconf 86' lang='lat' dir='ltr'>liam</span> <span class='ocrx_word' id='word_1_187' title='bbox 155 1726 285 1772; x_wconf 80' lang='lat' dir='ltr'>rediit,</span> <span class='ocrx_word' id='word_1_188' title='bbox 301 1727 537 1775; x_wconf 85' lang='lat' dir='ltr'>Gregorium</span> <span class='ocrx_word' id='word_1_189' title='bbox 549 1727 583 1763; x_wconf 70' lang='lat' dir='ltr'><strong>V</strong></span> <span class='ocrx_word' id='word_1_190' title='bbox 600 1727 735 1764; x_wconf 89' lang='lat' dir='ltr'>Ticino</span> <span class='ocrx_word' id='word_1_191' title='bbox 751 1727 916 1763; x_wconf 87' lang='lat' dir='ltr'>Romam</span> <span class='ocrx_word' id='word_1_192' title='bbox 936 1738 998 1763; x_wconf 90' lang='lat' dir='ltr'>re-</span> 
     </span>
     <span class='ocr_line' id='line_1_32' title="bbox 50 1779 997 1828; baseline 0 -12"><span class='ocrx_word' id='word_1_193' title='bbox 50 1779 175 1825; x_wconf 77' lang='lat' dir='ltr'>duxit,</span> <span class='ocrx_word' id='word_1_194' title='bbox 195 1781 235 1817; x_wconf 91' lang='lat' dir='ltr'>et</span> <span class='ocrx_word' id='word_1_195' title='bbox 251 1779 533 1824; x_wconf 79' lang='lat' dir='ltr'>Crescentium,</span> <span class='ocrx_word' id='word_1_196' title='bbox 554 1782 782 1828; x_wconf 75' lang='lat' dir='ltr'>expugnata</span> <span class='ocrx_word' id='word_1_197' title='bbox 802 1791 892 1816; x_wconf 89' lang='lat' dir='ltr'>arce</span> <span class='ocrx_word' id='word_1_198' title='bbox 914 1779 997 1816; x_wconf 90' lang='lat' dir='ltr'>Ha-</span> 
     </span>
     <span class='ocr_line' id='line_1_33' title="bbox 50 1831 997 1880; baseline 0 -12"><span class='ocrx_word' id='word_1_199' title='bbox 50 1831 198 1878; x_wconf 87' lang='lat' dir='ltr'>driana,</span> <span class='ocrx_word' id='word_1_200' title='bbox 213 1832 340 1880; x_wconf 87' lang='lat' dir='ltr'>eapite</span> <span class='ocrx_word' id='word_1_201' title='bbox 355 1832 575 1869; x_wconf 81' lang='lat' dir='ltr'>mulctavit.</span> <span class='ocrx_word' id='word_1_202' title='bbox 594 1833 756 1869; x_wconf 89' lang='lat' dir='ltr'>Ioannes</span> <span class='ocrx_word' id='word_1_203' title='bbox 786 1843 878 1868; x_wconf 75' lang='lat' dir='ltr'>vero</span> <span class='ocrx_word' id='word_1_204' title='bbox 900 1832 997 1869; x_wconf 88' lang='lat' dir='ltr'>anti-</span> 
     </span>
     <span class='ocr_line' id='line_1_34' title="bbox 48 1884 997 1932; baseline 0 -11"><span class='ocrx_word' id='word_1_205' title='bbox 48 1894 160 1932; x_wconf 86' lang='lat' dir='ltr'>papa,</span> <span class='ocrx_word' id='word_1_206' title='bbox 172 1884 240 1932; x_wconf 89' lang='lat' dir='ltr'>qui</span> <span class='ocrx_word' id='word_1_207' title='bbox 259 1897 305 1922; x_wconf 87' lang='lat' dir='ltr'>ex</span> <span class='ocrx_word' id='word_1_208' title='bbox 331 1885 424 1921; x_wconf 88' lang='lat' dir='ltr'>urbe</span> <span class='ocrx_word' id='word_1_209' title='bbox 444 1884 647 1932; x_wconf 86' lang='lat' dir='ltr'>fugerat,a</span> <span class='ocrx_word' id='word_1_210' title='bbox 664 1885 852 1921; x_wconf 80' lang='lat' dir='ltr'>militibus</span> <span class='ocrx_word' id='word_1_211' title='bbox 872 1886 997 1921; x_wconf 88' lang='lat' dir='ltr'>inter-</span> 
     </span>
     <span class='ocr_line' id='line_1_35' title="bbox 49 1937 997 1985; baseline 0.001 -12"><span class='ocrx_word' id='word_1_212' title='bbox 49 1939 194 1984; x_wconf 82' lang='lat' dir='ltr'>ceptus,</span> <span class='ocrx_word' id='word_1_213' title='bbox 205 1937 368 1974; x_wconf 89' lang='lat' dir='ltr'>auribus</span> <span class='ocrx_word' id='word_1_214' title='bbox 390 1938 624 1985; x_wconf 81' lang='lat' dir='ltr'>naribusque</span> <span class='ocrx_word' id='word_1_215' title='bbox 641 1937 826 1985; x_wconf 85' lang='lat' dir='ltr'>praecisis</span> <span class='ocrx_word' id='word_1_216' title='bbox 841 1939 881 1974; x_wconf 89' lang='lat' dir='ltr'>et</span> <span class='ocrx_word' id='word_1_217' title='bbox 901 1949 997 1974; x_wconf 87' lang='lat' dir='ltr'>ocu-</span> 
     </span>
     <span class='ocr_line' id='line_1_36' title="bbox 51 1988 778 2035; baseline 0.001 -10"><span class='ocrx_word' id='word_1_218' title='bbox 51 1988 99 2025; x_wconf 89' lang='lat' dir='ltr'>lis</span> <span class='ocrx_word' id='word_1_219' title='bbox 112 1989 247 2035; x_wconf 90' lang='lat' dir='ltr'>erutis,</span> <span class='ocrx_word' id='word_1_220' title='bbox 260 1991 459 2027; x_wconf 82' lang='lat' dir='ltr'>custodiae</span> <span class='ocrx_word' id='word_1_221' title='bbox 474 1991 642 2027; x_wconf 82' lang='lat' dir='ltr'>traditus</span> <span class='ocrx_word' id='word_1_222' title='bbox 660 1989 736 2026; x_wconf 80' lang='lat' dir='ltr'>fuit</span> <span class='ocrx_word' id='word_1_223' title='bbox 751 1989 778 2026; x_wconf 68' lang='lat'>4.</span> 
     </span>
     <span class='ocr_line' id='line_1_37' title="bbox 104 2041 998 2089; baseline -0.001 -10"><span class='ocrx_word' id='word_1_224' title='bbox 104 2041 317 2089; x_wconf 82' lang='lat' dir='ltr'>Gregorius</span> <span class='ocrx_word' id='word_1_225' title='bbox 344 2042 381 2079; x_wconf 86' lang='lat' dir='ltr'><strong>V</strong></span> <span class='ocrx_word' id='word_1_226' title='bbox 409 2042 448 2079; x_wconf 89' lang='lat' dir='ltr'>in</span> <span class='ocrx_word' id='word_1_227' title='bbox 477 2043 609 2079; x_wconf 87' lang='lat' dir='ltr'>sedem</span> <span class='ocrx_word' id='word_1_228' title='bbox 630 2054 741 2079; x_wconf 90' lang='lat' dir='ltr'>suam</span> <span class='ocrx_word' id='word_1_229' title='bbox 762 2042 972 2079; x_wconf 88' lang='lat' dir='ltr'>restitutus</span> <span class='ocrx_word' id='word_1_230' title='bbox 990 2072 998 2088; x_wconf 83' lang='lat'>‚</span> 
     </span>
     <span class='ocr_line' id='line_1_38' title="bbox 50 2093 999 2143; baseline 0.001 -13"><span class='ocrx_word' id='word_1_231' title='bbox 50 2104 114 2131; x_wconf 84' lang='lat' dir='ltr'>an.</span> <span class='ocrx_word' id='word_1_232' title='bbox 142 2093 221 2132; x_wconf 86' lang='lat'>998</span> <span class='ocrx_word' id='word_1_233' title='bbox 255 2095 403 2132; x_wconf 81' lang='lat' dir='ltr'>Romae</span> <span class='ocrx_word' id='word_1_234' title='bbox 432 2095 483 2132; x_wconf 79' lang='lat'>27</span> <span class='ocrx_word' id='word_1_235' title='bbox 511 2095 778 2143; x_wconf 88' lang='lat' dir='ltr'>episcoporum</span> <span class='ocrx_word' id='word_1_236' title='bbox 808 2096 999 2142; x_wconf 82' lang='lat' dir='ltr'>synodum</span> 
     </span>
     <span class='ocr_line' id='line_1_39' title="bbox 49 2145 997 2195; baseline 0.001 -13"><span class='ocrx_word' id='word_1_237' title='bbox 49 2145 277 2183; x_wconf 86' lang='lat' dir='ltr'>celebravit.</span> <span class='ocrx_word' id='word_1_238' title='bbox 308 2147 351 2184; x_wconf 93' lang='lat' dir='ltr'>In</span> <span class='ocrx_word' id='word_1_239' title='bbox 378 2159 422 2184; x_wconf 93' lang='lat' dir='ltr'>eo</span> <span class='ocrx_word' id='word_1_240' title='bbox 451 2147 693 2195; x_wconf 83' lang='lat' dir='ltr'>potissimum</span> <span class='ocrx_word' id='word_1_241' title='bbox 723 2151 855 2184; x_wconf 87' lang='lat' dir='ltr'>actum</span> <span class='ocrx_word' id='word_1_242' title='bbox 875 2149 934 2184; x_wconf 90' lang='lat' dir='ltr'>est</span> <span class='ocrx_word' id='word_1_243' title='bbox 951 2149 997 2184; x_wconf 87' lang='lat' dir='ltr'>de</span> 
     </span>
     <span class='ocr_line' id='line_1_40' title="bbox 50 2197 999 2248; baseline 0.003 -14"><span class='ocrx_word' id='word_1_244' title='bbox 50 2197 298 2236; x_wconf 87' lang='lat' dir='ltr'>matrimonio</span> <span class='ocrx_word' id='word_1_245' title='bbox 307 2200 470 2237; x_wconf 85' lang='lat' dir='ltr'>Roberti</span> <span class='ocrx_word' id='word_1_246' title='bbox 487 2200 590 2248; x_wconf 83' lang='lat' dir='ltr'>regis</span> <span class='ocrx_word' id='word_1_247' title='bbox 600 2200 762 2245; x_wconf 88' lang='lat' dir='ltr'>Galliae,</span> <span class='ocrx_word' id='word_1_248' title='bbox 776 2199 841 2247; x_wconf 87' lang='lat' dir='ltr'>qui</span> <span class='ocrx_word' id='word_1_249' title='bbox 857 2200 999 2237; x_wconf 81' lang='lat' dir='ltr'>an.996</span> 
     </span>
     <span class='ocr_line' id='line_1_41' title="bbox 54 2250 999 2300; baseline 0.002 -13"><span class='ocrx_word' id='word_1_250' title='bbox 54 2250 157 2298; x_wconf 86' lang='lat' dir='ltr'>patri</span> <span class='ocrx_word' id='word_1_251' title='bbox 172 2262 242 2288; x_wconf 89' lang='lat' dir='ltr'>suo</span> <span class='ocrx_word' id='word_1_252' title='bbox 258 2251 416 2300; x_wconf 90' lang='lat' dir='ltr'>Hugoni</span> <span class='ocrx_word' id='word_1_253' title='bbox 432 2253 577 2300; x_wconf 83' lang='lat' dir='ltr'>Capeto</span> <span class='ocrx_word' id='word_1_254' title='bbox 594 2256 896 2296; x_wconf 84' lang='lat' dir='ltr'>successerat,et</span> <span class='ocrx_word' id='word_1_255' title='bbox 909 2253 999 2289; x_wconf 91' lang='lat' dir='ltr'>Ber-</span> 
     </span>
     <span class='ocr_line' id='line_1_42' title="bbox 51 2302 998 2353; baseline 0.002 -14"><span class='ocrx_word' id='word_1_256' title='bbox 51 2304 133 2339; x_wconf 88' lang='lat' dir='ltr'>tam</span> <span class='ocrx_word' id='word_1_257' title='bbox 170 2302 314 2341; x_wconf 88' lang='lat' dir='ltr'>Odonis</span> <span class='ocrx_word' id='word_1_258' title='bbox 350 2305 502 2343; x_wconf 89' lang='lat' dir='ltr'>comitis</span> <span class='ocrx_word' id='word_1_259' title='bbox 536 2305 775 2353; x_wconf 89' lang='lat' dir='ltr'>Aquitaniae</span> <span class='ocrx_word' id='word_1_260' title='bbox 811 2305 970 2341; x_wconf 86' lang='lat' dir='ltr'>viduam</span> <span class='ocrx_word' id='word_1_261' title='bbox 989 2335 998 2351; x_wconf 83' lang='lat'>,</span> 
     </span>
     <span class='ocr_line' id='line_1_43' title="bbox 52 2356 998 2406; baseline 0.004 -16"><span class='ocrx_word' id='word_1_262' title='bbox 52 2356 236 2402; x_wconf 82' lang='lat' dir='ltr'>quamvis</span> <span class='ocrx_word' id='word_1_263' title='bbox 253 2367 365 2394; x_wconf 87' lang='lat' dir='ltr'>suam</span> <span class='ocrx_word' id='word_1_264' title='bbox 385 2360 728 2406; x_wconf 78' lang='lat' dir='ltr'>consanguineam,</span> <span class='ocrx_word' id='word_1_265' title='bbox 750 2369 910 2394; x_wconf 84' lang='lat' dir='ltr'>uxorem</span> <span class='ocrx_word' id='word_1_266' title='bbox 933 2358 998 2394; x_wconf 90' lang='lat' dir='ltr'>du-</span> 
     </span>
     <span class='ocr_line' id='line_1_44' title="bbox 50 2407 998 2459; baseline 0.004 -16"><span class='ocrx_word' id='word_1_267' title='bbox 50 2409 176 2444; x_wconf 82' lang='lat' dir='ltr'>xerat.</span> <span class='ocrx_word' id='word_1_268' title='bbox 189 2407 371 2446; x_wconf 82' lang='lat' dir='ltr'>Pontifex</span> <span class='ocrx_word' id='word_1_269' title='bbox 387 2410 611 2459; x_wconf 87' lang='lat' dir='ltr'>coniugium</span> <span class='ocrx_word' id='word_1_270' title='bbox 623 2410 785 2447; x_wconf 83' lang='lat' dir='ltr'>Roberti</span> <span class='ocrx_word' id='word_1_271' title='bbox 803 2422 891 2447; x_wconf 87' lang='lat' dir='ltr'>cum</span> <span class='ocrx_word' id='word_1_272' title='bbox 907 2410 998 2447; x_wconf 89' lang='lat' dir='ltr'>Ber-</span> 
     </span>
     <span class='ocr_line' id='line_1_45' title="bbox 49 2459 995 2511; baseline 0.004 -16"><span class='ocrx_word' id='word_1_273' title='bbox 49 2461 92 2496; x_wconf 83' lang='lat' dir='ltr'>ta</span> <span class='ocrx_word' id='word_1_274' title='bbox 110 2459 328 2498; x_wconf 85' lang='lat' dir='ltr'>declaravit</span> <span class='ocrx_word' id='word_1_275' title='bbox 355 2462 502 2499; x_wconf 92' lang='lat' dir='ltr'>nullum</span> <span class='ocrx_word' id='word_1_276' title='bbox 515 2491 524 2506; x_wconf 96' lang='lat'>,</span> <span class='ocrx_word' id='word_1_277' title='bbox 543 2463 644 2499; x_wconf 91' lang='lat' dir='ltr'>hanc</span> <span class='ocrx_word' id='word_1_278' title='bbox 670 2465 710 2500; x_wconf 91' lang='lat' dir='ltr'>et</span> <span class='ocrx_word' id='word_1_279' title='bbox 729 2462 840 2499; x_wconf 86' lang='lat' dir='ltr'>illum</span> <span class='ocrx_word' id='word_1_280' title='bbox 860 2463 995 2511; x_wconf 87' lang='lat' dir='ltr'>poeni-</span> 
     </span>
     <span class='ocr_line' id='line_1_46' title="bbox 50 2511 998 2562; baseline 0.005 -15"><span class='ocrx_word' id='word_1_281' title='bbox 50 2511 202 2549; x_wconf 84' lang='lat' dir='ltr'>tentiae</span> <span class='ocrx_word' id='word_1_282' title='bbox 222 2512 246 2548; x_wconf 87' lang='grc'><strong>7</strong></span> <span class='ocrx_word' id='word_1_283' title='bbox 267 2524 456 2551; x_wconf 89' lang='lat' dir='ltr'>annorum</span> <span class='ocrx_word' id='word_1_284' title='bbox 475 2515 656 2559; x_wconf 85' lang='lat' dir='ltr'>subdidit,</span> <span class='ocrx_word' id='word_1_285' title='bbox 677 2515 808 2562; x_wconf 88' lang='lat' dir='ltr'>eisque</span> <span class='ocrx_word' id='word_1_286' title='bbox 831 2516 998 2552; x_wconf 84' lang='lat' dir='ltr'>anathe-</span> 
     </span>
     <span class='ocr_line' id='line_1_47' title="bbox 50 2564 997 2611; baseline 0.006 -12"><span class='ocrx_word' id='word_1_287' title='bbox 50 2575 115 2600; x_wconf 91' lang='lat' dir='ltr'>ma</span> <span class='ocrx_word' id='word_1_288' title='bbox 142 2564 399 2602; x_wconf 88' lang='lat' dir='ltr'>comminatus</span> <span class='ocrx_word' id='word_1_289' title='bbox 420 2569 501 2611; x_wconf 87' lang='lat' dir='ltr'>est,</span> <span class='ocrx_word' id='word_1_290' title='bbox 523 2568 593 2604; x_wconf 90' lang='lat' dir='ltr'>nisi</span> <span class='ocrx_word' id='word_1_291' title='bbox 615 2579 656 2605; x_wconf 91' lang='lat' dir='ltr'>se</span> <span class='ocrx_word' id='word_1_292' title='bbox 677 2568 724 2604; x_wconf 87' lang='lat' dir='ltr'>ab</span> <span class='ocrx_word' id='word_1_293' title='bbox 745 2567 914 2604; x_wconf 87' lang='lat' dir='ltr'>invicem</span> <span class='ocrx_word' id='word_1_294' title='bbox 934 2579 997 2605; x_wconf 89' lang='lat' dir='ltr'>se-</span> 
     </span>
     <span class='ocr_line' id='line_1_48' title="bbox 48 2618 998 2668; baseline 0.005 -16"><span class='ocrx_word' id='word_1_295' title='bbox 48 2619 236 2664; x_wconf 87' lang='lat' dir='ltr'>pararent</span> <span class='ocrx_word' id='word_1_296' title='bbox 248 2630 257 2662; x_wconf 86' lang='lat'><em>;</em></span> <span class='ocrx_word' id='word_1_297' title='bbox 274 2618 473 2666; x_wconf 86' lang='lat' dir='ltr'>episcopos</span> <span class='ocrx_word' id='word_1_298' title='bbox 490 2631 597 2665; x_wconf 87' lang='lat' dir='ltr'>vero,</span> <span class='ocrx_word' id='word_1_299' title='bbox 609 2620 672 2668; x_wconf 91' lang='lat' dir='ltr'>qui</span> <span class='ocrx_word' id='word_1_300' title='bbox 687 2620 844 2657; x_wconf 88' lang='lat' dir='ltr'>incestis</span> <span class='ocrx_word' id='word_1_301' title='bbox 856 2621 998 2668; x_wconf 88' lang='lat' dir='ltr'>nuptiis</span> 
     </span>
     <span class='ocr_line' id='line_1_49' title="bbox 49 2668 997 2720; baseline 0.006 -16"><span class='ocrx_word' id='word_1_302' title='bbox 49 2668 331 2715; x_wconf 83' lang='lat' dir='ltr'>interfuerant,</span> <span class='ocrx_word' id='word_1_303' title='bbox 351 2681 374 2706; x_wconf 91' lang='lat' dir='ltr'>a</span> <span class='ocrx_word' id='word_1_304' title='bbox 394 2673 664 2709; x_wconf 89' lang='lat' dir='ltr'>communione</span> <span class='ocrx_word' id='word_1_305' title='bbox 680 2673 900 2720; x_wconf 86' lang='lat' dir='ltr'>suspendit,</span> <span class='ocrx_word' id='word_1_306' title='bbox 925 2673 997 2709; x_wconf 89' lang='lat' dir='ltr'>do-</span> 
     </span>
     <span class='ocr_line' id='line_1_50' title="bbox 51 2721 998 2770; baseline 0.006 -14"><span class='ocrx_word' id='word_1_307' title='bbox 51 2730 125 2757; x_wconf 85' lang='lat' dir='ltr'>nee</span> <span class='ocrx_word' id='word_1_308' title='bbox 143 2721 191 2758; x_wconf 86' lang='lat' dir='ltr'>ad</span> <span class='ocrx_word' id='word_1_309' title='bbox 212 2722 479 2770; x_wconf 86' lang='lat' dir='ltr'>Apostolicam</span> <span class='ocrx_word' id='word_1_310' title='bbox 498 2723 636 2760; x_wconf 87' lang='lat' dir='ltr'>Sedem</span> <span class='ocrx_word' id='word_1_311' title='bbox 651 2725 833 2762; x_wconf 84' lang='lat' dir='ltr'>venirent</span> <span class='ocrx_word' id='word_1_312' title='bbox 849 2725 998 2763; x_wconf 86' lang='lat' dir='ltr'>satisfa-</span> 
     </span>
     <span class='ocr_line' id='line_1_51' title="bbox 53 2773 996 2825; baseline 0.007 -16"><span class='ocrx_word' id='word_1_313' title='bbox 53 2773 178 2818; x_wconf 77' lang='lat' dir='ltr'>cturi3</span> <span class='ocrx_word' id='word_1_314' title='bbox 199 2775 401 2812; x_wconf 88' lang='lat' dir='ltr'>mandavit</span> <span class='ocrx_word' id='word_1_315' title='bbox 421 2775 540 2813; x_wconf 88' lang='lat' dir='ltr'>etiam</span> <span class='ocrx_word' id='word_1_316' title='bbox 559 2777 730 2814; x_wconf 88' lang='lat' dir='ltr'>Roberto</span> <span class='ocrx_word' id='word_1_317' title='bbox 749 2777 843 2825; x_wconf 89' lang='lat' dir='ltr'>regi,</span> <span class='ocrx_word' id='word_1_318' title='bbox 863 2781 905 2815; x_wconf 90' lang='lat' dir='ltr'>ut</span> <span class='ocrx_word' id='word_1_319' title='bbox 920 2780 996 2816; x_wconf 88' lang='lat' dir='ltr'>Ar-</span> 
     </span>
    </p>
   </div>
   <div class='ocr_carea' id='block_1_3' title="bbox 49 2888 998 3212">
    <p class='ocr_par' dir='ltr' id='par_1_3' title="bbox 92 2888 622 2927">
     <span class='ocr_line' id='line_1_52' title="bbox 92 2888 622 2927; baseline -0.002 -8"><span class='ocrx_word' id='word_1_320' title='bbox 92 2888 102 2910; x_wconf 85' lang='lat'>¹</span> <span class='ocrx_word' id='word_1_321' title='bbox 118 2888 270 2919; x_wconf 83' lang='lat' dir='ltr'>Baronius</span> <span class='ocrx_word' id='word_1_322' title='bbox 287 2893 316 2919; x_wconf 81' lang='lat' dir='ltr'>el</span> <span class='ocrx_word' id='word_1_323' title='bbox 333 2889 416 2927; x_wconf 63' lang='lat' dir='ltr'>Pagi,</span> <span class='ocrx_word' id='word_1_324' title='bbox 433 2888 470 2917; x_wconf 80' lang='lat' dir='ltr'>ad</span> <span class='ocrx_word' id='word_1_325' title='bbox 488 2895 536 2918; x_wconf 65' lang='lat' dir='ltr'>an‘.</span> <span class='ocrx_word' id='word_1_326' title='bbox 553 2888 622 2918; x_wconf 81' lang='grc'><strong>996.</strong></span> 
     </span>
    </p>

    <p class='ocr_par' dir='ltr' id='par_1_4' title="bbox 89 2927 995 2968">
     <span class='ocr_line' id='line_1_53' title="bbox 89 2927 995 2968; baseline 0.004 -10"><span class='ocrx_word' id='word_1_327' title='bbox 89 2928 105 2950; x_wconf 75' lang='lat'>²</span> <span class='ocrx_word' id='word_1_328' title='bbox 118 2929 282 2967; x_wconf 81' lang='lat' dir='ltr'>Ditmarus,</span> <span class='ocrx_word' id='word_1_329' title='bbox 299 2930 349 2960; x_wconf 88' lang='lat' dir='ltr'>lib.</span> <span class='ocrx_word' id='word_1_330' title='bbox 367 2930 415 2966; x_wconf 78' lang='lat' dir='ltr'>lv,</span> <span class='ocrx_word' id='word_1_331' title='bbox 429 2929 507 2959; x_wconf 72' lang='lat' dir='ltr'>inter</span> <span class='ocrx_word' id='word_1_332' title='bbox 523 2927 675 2968; x_wconf 72' lang='lat' dir='ltr'>Scriptor.</span> <span class='ocrx_word' id='word_1_333' title='bbox 694 2929 918 2962; x_wconf 71' lang='lat' dir='ltr'>Bruusvicens.</span> <span class='ocrx_word' id='word_1_334' title='bbox 934 2931 953 2961; x_wconf 92' lang='lat' dir='ltr'>l.</span> <span class='ocrx_word' id='word_1_335' title='bbox 971 2931 995 2962; x_wconf 86' lang='grc' dir='ltr'>Ι.</span> 
     </span>
    </p>

    <p class='ocr_par' dir='ltr' id='par_1_5' title="bbox 49 2967 998 3170">
     <span class='ocr_line' id='line_1_54' title="bbox 89 2967 998 3011; baseline 0.002 -11"><span class='ocrx_word' id='word_1_336' title='bbox 89 2967 104 2990; x_wconf 82' lang='lat'>³</span> <span class='ocrx_word' id='word_1_337' title='bbox 115 2969 153 3000; x_wconf 82' lang='lat' dir='ltr'>Cf</span> <span class='ocrx_word' id='word_1_338' title='bbox 167 2970 304 3006; x_wconf 79' lang='lat' dir='ltr'>Sandini,</span> <span class='ocrx_word' id='word_1_339' title='bbox 328 2969 411 3000; x_wconf 68' lang='lat' dir='ltr'>V&#39;lae</span> <span class='ocrx_word' id='word_1_340' title='bbox 428 2969 638 3007; x_wconf 68' lang='lat' dir='ltr'>leRPoncis.</span> <span class='ocrx_word' id='word_1_341' title='bbox 656 2974 757 3000; x_wconf 81' lang='lat' dir='ltr'>annot.</span> <span class='ocrx_word' id='word_1_342' title='bbox 772 2970 790 3001; x_wconf 84' lang='lat'><strong>3</strong></span> <span class='ocrx_word' id='word_1_343' title='bbox 805 2972 843 3002; x_wconf 81' lang='lat' dir='ltr'>ad</span> <span class='ocrx_word' id='word_1_344' title='bbox 863 2971 998 3011; x_wconf 73' lang='lat' dir='ltr'>Greyor.</span> 
     </span>
     <span class='ocr_line' id='line_1_55' title="bbox 55 3007 994 3049; baseline 0.001 -8"><span class='ocrx_word' id='word_1_345' title='bbox 55 3007 158 3046; x_wconf 85' lang='lat' dir='ltr'>V;ubi</span> <span class='ocrx_word' id='word_1_346' title='bbox 175 3011 277 3041; x_wconf 81' lang='lat' dir='ltr'>varias</span> <span class='ocrx_word' id='word_1_347' title='bbox 303 3020 335 3041; x_wconf 84' lang='lat' dir='ltr'>se</span> <span class='ocrx_word' id='word_1_348' title='bbox 373 3011 472 3040; x_wconf 80' lang='lat' dir='ltr'>enlias</span> <span class='ocrx_word' id='word_1_349' title='bbox 496 3010 533 3039; x_wconf 84' lang='lat' dir='ltr'>de</span> <span class='ocrx_word' id='word_1_350' title='bbox 558 3010 678 3049; x_wconf 76' lang='lat' dir='ltr'>origine</span> <span class='ocrx_word' id='word_1_351' title='bbox 695 3015 811 3049; x_wconf 72' lang='lat' dir='ltr'>septem</span> <span class='ocrx_word' id='word_1_352' title='bbox 828 3013 994 3043; x_wconf 82' lang='lat' dir='ltr'>electorum</span> 
     </span>
     <span class='ocr_line' id='line_1_56' title="bbox 49 3049 995 3089; baseline 0.002 -9"><span class='ocrx_word' id='word_1_353' title='bbox 49 3049 168 3089; x_wconf 76' lang='lat' dir='ltr'>imperii</span> <span class='ocrx_word' id='word_1_354' title='bbox 185 3052 315 3089; x_wconf 54' lang='grc' dir='ltr'>τιτθὴ-ειη</span> <span class='ocrx_word' id='word_1_355' title='bbox 331 3051 557 3089; x_wconf 82' lang='lat' dir='ltr'>concluditque,</span> <span class='ocrx_word' id='word_1_356' title='bbox 574 3054 636 3080; x_wconf 86' lang='lat' dir='ltr'>tum</span> <span class='ocrx_word' id='word_1_357' title='bbox 654 3054 724 3088; x_wconf 81' lang='lat' dir='ltr'>post</span> <span class='ocrx_word' id='word_1_358' title='bbox 740 3055 802 3081; x_wconf 81' lang='lat' dir='ltr'>lum</span> <span class='ocrx_word' id='word_1_359' title='bbox 818 3055 888 3082; x_wconf 81' lang='lat' dir='ltr'>ante</span> <span class='ocrx_word' id='word_1_360' title='bbox 905 3052 995 3082; x_wconf 84' lang='lat' dir='ltr'>insti-</span> 
     </span>
     <span class='ocr_line' id='line_1_57' title="bbox 50 3091 992 3129; baseline 0.003 -9"><span class='ocrx_word' id='word_1_361' title='bbox 50 3092 145 3120; x_wconf 77' lang='lat' dir='ltr'>tutum</span> <span class='ocrx_word' id='word_1_362' title='bbox 167 3091 333 3122; x_wconf 78' lang='lat' dir='ltr'>electorum</span> <span class='ocrx_word' id='word_1_363' title='bbox 351 3091 532 3129; x_wconf 48' lang='lat' dir='ltr'>collegium,</span> <span class='ocrx_word' id='word_1_364' title='bbox 551 3099 703 3120; x_wconf 89' lang='lat' dir='ltr'>summum</span> <span class='ocrx_word' id='word_1_365' title='bbox 726 3091 773 3122; x_wconf 89' lang='lat' dir='ltr'>ius</span> <span class='ocrx_word' id='word_1_366' title='bbox 791 3092 992 3123; x_wconf 77' lang='lat' dir='ltr'>confirmandi</span> 
     </span>
     <span class='ocr_line' id='line_1_58' title="bbox 51 3129 698 3170; baseline 0 -10"><span class='ocrx_word' id='word_1_367' title='bbox 51 3129 228 3162; x_wconf 83' lang='lat' dir='ltr'>electionem</span> <span class='ocrx_word' id='word_1_368' title='bbox 245 3133 342 3162; x_wconf 82' lang='lat' dir='ltr'>fuisse</span> <span class='ocrx_word' id='word_1_369' title='bbox 358 3133 440 3170; x_wconf 83' lang='lat' dir='ltr'>apud</span> <span class='ocrx_word' id='word_1_370' title='bbox 460 3133 492 3161; x_wconf 66' lang='lat' dir='ltr'>P..</span> <span class='ocrx_word' id='word_1_371' title='bbox 510 3131 698 3161; x_wconf 76' lang='lat' dir='ltr'>Pontificem.</span> 
     </span>
    </p>

    <p class='ocr_par' dir='ltr' id='par_1_6' title="bbox 90 3170 680 3212">
     <span class='ocr_line' id='line_1_59' title="bbox 90 3170 680 3212; baseline -0.002 -10"><span class='ocrx_word' id='word_1_372' title='bbox 90 3171 106 3193; x_wconf 85' lang='lat'><strong>⁴</strong></span> <span class='ocrx_word' id='word_1_373' title='bbox 118 3170 268 3204; x_wconf 87' lang='lat' dir='ltr'>Baronius</span> <span class='ocrx_word' id='word_1_374' title='bbox 284 3176 313 3204; x_wconf 86' lang='lat' dir='ltr'>et</span> <span class='ocrx_word' id='word_1_375' title='bbox 328 3172 415 3212; x_wconf 85' lang='lat' dir='ltr'>Pagi,</span> <span class='ocrx_word' id='word_1_376' title='bbox 431 3172 470 3203; x_wconf 85' lang='lat' dir='ltr'>ad</span> <span class='ocrx_word' id='word_1_377' title='bbox 486 3180 534 3202; x_wconf 83' lang='lat' dir='ltr'>an.</span> <span class='ocrx_word' id='word_1_378' title='bbox 551 3170 680 3202; x_wconf 74' lang='lat'>996-98.</span> 
     </span>
    </p>
   </div>
   <div class='ocr_carea' id='block_1_4' title="bbox 1020 439 1027 1313">
    <p class='ocr_par' dir='ltr' id='par_1_7' title="bbox 1020 439 1027 1313">
     <span class='ocr_line' id='line_1_60' title="bbox 1020 439 1027 1313; baseline 0 0"><span class='ocrx_word' id='word_1_379' title='bbox 1020 439 1027 1313; x_wconf 95' lang='lat' dir='ltr'> </span> 
     </span>
    </p>
   </div>
   <div class='ocr_carea' id='block_1_5' title="bbox 1869 132 1947 170">
    <p class='ocr_par' dir='ltr' id='par_1_8' title="bbox 1869 132 1947 170">
     <span class='ocr_line' id='line_1_61' title="bbox 1869 132 1947 170; baseline -0.013 0"><span class='ocrx_word' id='word_1_380' title='bbox 1869 132 1947 170; x_wconf 80' lang='lat'>267</span> 
     </span>
    </p>
   </div>
   <div class='ocr_carea' id='block_1_6' title="bbox 1042 204 2002 1923">
    <p class='ocr_par' dir='ltr' id='par_1_9' title="bbox 1048 204 2000 506">
     <span class='ocr_line' id='line_1_62' title="bbox 1053 204 1997 254; baseline -0.002 -11"><span class='ocrx_word' id='word_1_381' title='bbox 1053 207 1242 254; x_wconf 90' lang='lat' dir='ltr'>nulphum</span> <span class='ocrx_word' id='word_1_382' title='bbox 1261 236 1270 250; x_wconf 95' lang='lat'>,</span> <span class='ocrx_word' id='word_1_383' title='bbox 1289 208 1360 244; x_wconf 87' lang='lat' dir='ltr'>sub</span> <span class='ocrx_word' id='word_1_384' title='bbox 1383 207 1547 254; x_wconf 82' lang='lat' dir='ltr'>Hugone</span> <span class='ocrx_word' id='word_1_385' title='bbox 1565 208 1678 254; x_wconf 85' lang='lat' dir='ltr'>patre</span> <span class='ocrx_word' id='word_1_386' title='bbox 1697 204 1780 242; x_wconf 84' lang='lat' dir='ltr'>eius</span> <span class='ocrx_word' id='word_1_387' title='bbox 1799 205 1997 253; x_wconf 87' lang='lat' dir='ltr'>archiepi-</span> 
     </span>
     <span class='ocr_line' id='line_1_63' title="bbox 1050 257 2000 308; baseline -0.002 -13"><span class='ocrx_word' id='word_1_388' title='bbox 1050 263 1211 307; x_wconf 85' lang='lat' dir='ltr'>scopatu</span> <span class='ocrx_word' id='word_1_389' title='bbox 1244 259 1454 297; x_wconf 78' lang='lat' dir='ltr'>Rheinensi</span> <span class='ocrx_word' id='word_1_390' title='bbox 1485 259 1680 308; x_wconf 85' lang='lat' dir='ltr'>privatum</span> <span class='ocrx_word' id='word_1_391' title='bbox 1707 257 1734 303; x_wconf 86' lang='lat'>¹,</span> <span class='ocrx_word' id='word_1_392' title='bbox 1763 257 2000 294; x_wconf 88' lang='lat' dir='ltr'>restitueret.</span> 
     </span>
     <span class='ocr_line' id='line_1_64' title="bbox 1051 308 1999 359; baseline -0.003 -11"><span class='ocrx_word' id='word_1_393' title='bbox 1051 312 1265 357; x_wconf 86' lang='lat' dir='ltr'>Robertus,</span> <span class='ocrx_word' id='word_1_394' title='bbox 1295 316 1495 349; x_wconf 86' lang='lat' dir='ltr'>caeterum</span> <span class='ocrx_word' id='word_1_395' title='bbox 1525 311 1639 348; x_wconf 82' lang='lat' dir='ltr'>valde</span> <span class='ocrx_word' id='word_1_396' title='bbox 1659 310 1766 359; x_wconf 80' lang='lat' dir='ltr'>piuS,</span> <span class='ocrx_word' id='word_1_397' title='bbox 1797 308 1999 346; x_wconf 88' lang='lat' dir='ltr'>Pontificis</span> 
     </span>
     <span class='ocr_line' id='line_1_65' title="bbox 1051 362 1999 411; baseline -0.001 -12"><span class='ocrx_word' id='word_1_398' title='bbox 1051 364 1205 401; x_wconf 89' lang='lat' dir='ltr'>monitis</span> <span class='ocrx_word' id='word_1_399' title='bbox 1226 364 1378 411; x_wconf 86' lang='lat' dir='ltr'>paruit,</span> <span class='ocrx_word' id='word_1_400' title='bbox 1398 363 1647 411; x_wconf 88' lang='lat' dir='ltr'>Arnulphum</span> <span class='ocrx_word' id='word_1_401' title='bbox 1667 362 1860 406; x_wconf 85' lang='lat' dir='ltr'>restituit,</span> <span class='ocrx_word' id='word_1_402' title='bbox 1880 364 1920 399; x_wconf 88' lang='lat' dir='ltr'>et</span> <span class='ocrx_word' id='word_1_403' title='bbox 1939 362 1999 399; x_wconf 87' lang='lat' dir='ltr'>di-</span> 
     </span>
     <span class='ocr_line' id='line_1_66' title="bbox 1051 413 1997 459; baseline -0.001 -8"><span class='ocrx_word' id='word_1_404' title='bbox 1051 416 1167 453; x_wconf 84' lang='lat' dir='ltr'>missa</span> <span class='ocrx_word' id='word_1_405' title='bbox 1188 417 1307 453; x_wconf 75' lang='lat' dir='ltr'>Bet-ta</span> <span class='ocrx_word' id='word_1_406' title='bbox 1329 427 1489 453; x_wconf 79' lang='lat' dir='ltr'>uxorem</span> <span class='ocrx_word' id='word_1_407' title='bbox 1510 417 1623 453; x_wconf 80' lang='lat' dir='ltr'>duxit</span> <span class='ocrx_word' id='word_1_408' title='bbox 1642 415 1929 459; x_wconf 85' lang='lat' dir='ltr'>Constantiam,</span> <span class='ocrx_word' id='word_1_409' title='bbox 1948 413 1997 450; x_wconf 90' lang='lat' dir='ltr'>fi-</span> 
     </span>
     <span class='ocr_line' id='line_1_67' title="bbox 1048 465 1774 506; baseline 0.001 -2"><span class='ocrx_word' id='word_1_410' title='bbox 1048 467 1141 504; x_wconf 85' lang='lat' dir='ltr'>liam</span> <span class='ocrx_word' id='word_1_411' title='bbox 1164 468 1355 506; x_wconf 80' lang='lat' dir='ltr'>willelmi</span> <span class='ocrx_word' id='word_1_412' title='bbox 1379 469 1530 505; x_wconf 88' lang='lat' dir='ltr'>comitis</span> <span class='ocrx_word' id='word_1_413' title='bbox 1550 468 1730 505; x_wconf 78' lang='lat' dir='ltr'>&#39;l&#39;olosani</span> <span class='ocrx_word' id='word_1_414' title='bbox 1748 465 1774 504; x_wconf 76' lang='lat'>².</span> 
     </span>
    </p>

    <p class='ocr_par' dir='ltr' id='par_1_10' title="bbox 1042 518 2002 1722">
     <span class='ocr_line' id='line_1_68' title="bbox 1101 518 1997 568; baseline -0.001 -11"><span class='ocrx_word' id='word_1_415' title='bbox 1101 521 1143 557; x_wconf 93' lang='lat' dir='ltr'>In</span> <span class='ocrx_word' id='word_1_416' title='bbox 1156 521 1291 557; x_wconf 82' lang='lat' dir='ltr'>eadem</span> <span class='ocrx_word' id='word_1_417' title='bbox 1303 521 1450 568; x_wconf 70' lang='lat' dir='ltr'>synodo</span> <span class='ocrx_word' id='word_1_418' title='bbox 1462 521 1684 568; x_wconf 86' lang='lat' dir='ltr'>Stephanus</span> <span class='ocrx_word' id='word_1_419' title='bbox 1696 520 1895 568; x_wconf 85' lang='lat' dir='ltr'>episcopus</span> <span class='ocrx_word' id='word_1_420' title='bbox 1907 518 1997 556; x_wconf 87' lang='lat' dir='ltr'>Val-</span> 
     </span>
     <span class='ocr_line' id='line_1_69' title="bbox 1047 571 2002 621; baseline 0.001 -13"><span class='ocrx_word' id='word_1_421' title='bbox 1047 572 1217 609; x_wconf 89' lang='lat' dir='ltr'>lavensis</span> <span class='ocrx_word' id='word_1_422' title='bbox 1249 574 1445 620; x_wconf 88' lang='lat' dir='ltr'>depositus</span> <span class='ocrx_word' id='word_1_423' title='bbox 1466 573 1552 616; x_wconf 84' lang='lat' dir='ltr'>fuit,</span> <span class='ocrx_word' id='word_1_424' title='bbox 1572 574 1671 621; x_wconf 86' lang='lat' dir='ltr'>quod</span> <span class='ocrx_word' id='word_1_425' title='bbox 1693 585 1715 610; x_wconf 85' lang='lat' dir='ltr'>a</span> <span class='ocrx_word' id='word_1_426' title='bbox 1736 572 1906 610; x_wconf 90' lang='lat' dir='ltr'>Widone</span> <span class='ocrx_word' id='word_1_427' title='bbox 1932 571 2002 609; x_wconf 91' lang='lat' dir='ltr'>de-</span> 
     </span>
     <span class='ocr_line' id='line_1_70' title="bbox 1046 625 2001 673; baseline 0.001 -13"><span class='ocrx_word' id='word_1_428' title='bbox 1046 636 1196 662; x_wconf 81' lang='lat' dir='ltr'>cessore</span> <span class='ocrx_word' id='word_1_429' title='bbox 1216 637 1297 670; x_wconf 88' lang='lat' dir='ltr'>suo,</span> <span class='ocrx_word' id='word_1_430' title='bbox 1318 625 1446 661; x_wconf 86' lang='lat' dir='ltr'>adhuc</span> <span class='ocrx_word' id='word_1_431' title='bbox 1467 625 1637 670; x_wconf 80' lang='lat' dir='ltr'>vivente,</span> <span class='ocrx_word' id='word_1_432' title='bbox 1658 626 1741 662; x_wconf 89' lang='lat' dir='ltr'>sine</span> <span class='ocrx_word' id='word_1_433' title='bbox 1762 625 1856 662; x_wconf 89' lang='lat' dir='ltr'>cleri</span> <span class='ocrx_word' id='word_1_434' title='bbox 1881 627 1919 662; x_wconf 88' lang='lat' dir='ltr'>et</span> <span class='ocrx_word' id='word_1_435' title='bbox 1937 636 2001 673; x_wconf 93' lang='lat' dir='ltr'>po-</span> 
     </span>
     <span class='ocr_line' id='line_1_71' title="bbox 1046 677 2000 724; baseline 0.002 -12"><span class='ocrx_word' id='word_1_436' title='bbox 1046 677 1126 724; x_wconf 91' lang='lat' dir='ltr'>puli</span> <span class='ocrx_word' id='word_1_437' title='bbox 1153 677 1357 714; x_wconf 85' lang='lat' dir='ltr'>voluntate</span> <span class='ocrx_word' id='word_1_438' title='bbox 1389 677 1525 714; x_wconf 87' lang='lat' dir='ltr'>fuisset</span> <span class='ocrx_word' id='word_1_439' title='bbox 1552 678 1700 714; x_wconf 83' lang='lat' dir='ltr'>electus</span> <span class='ocrx_word' id='word_1_440' title='bbox 1729 680 1769 714; x_wconf 92' lang='lat' dir='ltr'>et</span> <span class='ocrx_word' id='word_1_441' title='bbox 1798 689 1821 714; x_wconf 90' lang='lat' dir='ltr'>a</span> <span class='ocrx_word' id='word_1_442' title='bbox 1850 677 2000 714; x_wconf 88' lang='lat' dir='ltr'>duobus</span> 
     </span>
     <span class='ocr_line' id='line_1_72' title="bbox 1046 728 2002 778; baseline 0.001 -13"><span class='ocrx_word' id='word_1_443' title='bbox 1046 732 1199 766; x_wconf 82' lang='lat' dir='ltr'>tantum</span> <span class='ocrx_word' id='word_1_444' title='bbox 1215 730 1402 778; x_wconf 90' lang='lat' dir='ltr'>episcopis</span> <span class='ocrx_word' id='word_1_445' title='bbox 1419 728 1582 767; x_wconf 84' lang='lat' dir='ltr'>alterius</span> <span class='ocrx_word' id='word_1_446' title='bbox 1602 730 1828 777; x_wconf 81' lang='lat' dir='ltr'>provinciae</span> <span class='ocrx_word' id='word_1_447' title='bbox 1849 729 2002 766; x_wconf 86' lang='lat' dir='ltr'>ordina·</span> 
     </span>
     <span class='ocr_line' id='line_1_73' title="bbox 1045 781 1998 831; baseline 0 -13"><span class='ocrx_word' id='word_1_448' title='bbox 1045 784 1125 827; x_wconf 79' lang='lat' dir='ltr'>tus3</span> <span class='ocrx_word' id='word_1_449' title='bbox 1141 782 1180 818; x_wconf 89' lang='lat' dir='ltr'>hi</span> <span class='ocrx_word' id='word_1_450' title='bbox 1204 782 1280 818; x_wconf 88' lang='lat' dir='ltr'>duo</span> <span class='ocrx_word' id='word_1_451' title='bbox 1300 781 1467 830; x_wconf 88' lang='lat' dir='ltr'>episcopi</span> <span class='ocrx_word' id='word_1_452' title='bbox 1490 794 1512 818; x_wconf 88' lang='lat' dir='ltr'>a</span> <span class='ocrx_word' id='word_1_453' title='bbox 1532 783 1803 820; x_wconf 89' lang='lat' dir='ltr'>communione</span> <span class='ocrx_word' id='word_1_454' title='bbox 1824 782 1998 831; x_wconf 88' lang='lat' dir='ltr'>suspensi</span> 
     </span>
     <span class='ocr_line' id='line_1_74' title="bbox 1045 834 1996 881; baseline 0.002 -11"><span class='ocrx_word' id='word_1_455' title='bbox 1045 838 1147 879; x_wconf 85' lang='lat' dir='ltr'>sunt,</span> <span class='ocrx_word' id='word_1_456' title='bbox 1166 835 1288 871; x_wconf 87' lang='lat' dir='ltr'>donee</span> <span class='ocrx_word' id='word_1_457' title='bbox 1309 834 1658 881; x_wconf 82' lang='lat' dir='ltr'>SediApostolicae</span> <span class='ocrx_word' id='word_1_458' title='bbox 1679 834 1862 872; x_wconf 87' lang='lat' dir='ltr'>fecissent</span> <span class='ocrx_word' id='word_1_459' title='bbox 1889 835 1996 878; x_wconf 84' lang='lat' dir='ltr'>satis,</span> 
     </span>
     <span class='ocr_line' id='line_1_75' title="bbox 1044 886 1999 934; baseline 0.001 -12"><span class='ocrx_word' id='word_1_460' title='bbox 1044 888 1083 922; x_wconf 90' lang='lat' dir='ltr'>et</span> <span class='ocrx_word' id='word_1_461' title='bbox 1104 887 1151 922; x_wconf 83' lang='lat' dir='ltr'>ad</span> <span class='ocrx_word' id='word_1_462' title='bbox 1173 886 1322 923; x_wconf 89' lang='lat' dir='ltr'>clerum</span> <span class='ocrx_word' id='word_1_463' title='bbox 1343 887 1604 934; x_wconf 86' lang='lat' dir='ltr'>populumque</span> <span class='ocrx_word' id='word_1_464' title='bbox 1626 886 1903 924; x_wconf 87' lang='lat' dir='ltr'>Vallavensem</span> <span class='ocrx_word' id='word_1_465' title='bbox 1932 898 1999 923; x_wconf 90' lang='lat' dir='ltr'>re-</span> 
     </span>
     <span class='ocr_line' id='line_1_76' title="bbox 1044 938 1998 987; baseline 0.001 -13"><span class='ocrx_word' id='word_1_466' title='bbox 1044 938 1299 987; x_wconf 87' lang='lat' dir='ltr'>scriptum‚ut</span> <span class='ocrx_word' id='word_1_467' title='bbox 1316 950 1458 975; x_wconf 88' lang='lat' dir='ltr'>novum</span> <span class='ocrx_word' id='word_1_468' title='bbox 1476 940 1698 987; x_wconf 89' lang='lat' dir='ltr'>episcopum</span> <span class='ocrx_word' id='word_1_469' title='bbox 1715 940 1917 987; x_wconf 82' lang='lat' dir='ltr'>eligerent,</span> <span class='ocrx_word' id='word_1_470' title='bbox 1935 940 1998 987; x_wconf 91' lang='lat' dir='ltr'>qui</span> 
     </span>
     <span class='ocr_line' id='line_1_77' title="bbox 1045 991 1999 1028; baseline 0.002 -2"><span class='ocrx_word' id='word_1_471' title='bbox 1045 1002 1067 1026; x_wconf 82' lang='lat' dir='ltr'>a</span> <span class='ocrx_word' id='word_1_472' title='bbox 1086 991 1134 1027; x_wconf 80' lang='lat' dir='ltr'>R.</span> <span class='ocrx_word' id='word_1_473' title='bbox 1148 991 1340 1028; x_wconf 86' lang='lat' dir='ltr'>Pontifice</span> <span class='ocrx_word' id='word_1_474' title='bbox 1369 995 1678 1028; x_wconf 85' lang='lat' dir='ltr'>consecraretur.</span> <span class='ocrx_word' id='word_1_475' title='bbox 1698 992 1912 1028; x_wconf 88' lang='lat' dir='ltr'>Praeterea</span> <span class='ocrx_word' id='word_1_476' title='bbox 1933 1003 1999 1028; x_wconf 91' lang='lat' dir='ltr'>se-</span> 
     </span>
     <span class='ocr_line' id='line_1_78' title="bbox 1045 1043 2000 1092; baseline 0.002 -14"><span class='ocrx_word' id='word_1_477' title='bbox 1045 1043 1110 1080; x_wconf 90' lang='lat' dir='ltr'>des</span> <span class='ocrx_word' id='word_1_478' title='bbox 1131 1043 1467 1092; x_wconf 83' lang='lat' dir='ltr'>Merseburgensis</span> <span class='ocrx_word' id='word_1_479' title='bbox 1482 1073 1490 1088; x_wconf 89' lang='lat'>,</span> <span class='ocrx_word' id='word_1_480' title='bbox 1520 1055 1635 1091; x_wconf 81' lang='lat' dir='ltr'>quam</span> <span class='ocrx_word' id='word_1_481' title='bbox 1658 1044 1748 1080; x_wconf 86' lang='lat' dir='ltr'>Otto</span> <span class='ocrx_word' id='word_1_482' title='bbox 1773 1045 1810 1082; x_wconf 94' lang='lat' dir='ltr'>II</span> <span class='ocrx_word' id='word_1_483' title='bbox 1831 1043 2000 1081; x_wconf 90' lang='lat' dir='ltr'>consiliis</span> 
     </span>
     <span class='ocr_line' id='line_1_79' title="bbox 1044 1095 1999 1145; baseline 0 -13"><span class='ocrx_word' id='word_1_484' title='bbox 1044 1095 1230 1141; x_wconf 88' lang='lat' dir='ltr'>Gisilarii,</span> <span class='ocrx_word' id='word_1_485' title='bbox 1242 1096 1307 1145; x_wconf 88' lang='lat' dir='ltr'>qui</span> <span class='ocrx_word' id='word_1_486' title='bbox 1324 1097 1372 1132; x_wconf 91' lang='lat' dir='ltr'>ab</span> <span class='ocrx_word' id='word_1_487' title='bbox 1389 1097 1553 1133; x_wconf 89' lang='lat' dir='ltr'>ecclesia</span> <span class='ocrx_word' id='word_1_488' title='bbox 1562 1096 1879 1144; x_wconf 86' lang='lat' dir='ltr'>Merseburgensi</span> <span class='ocrx_word' id='word_1_489' title='bbox 1896 1099 1999 1133; x_wconf 83' lang='lat' dir='ltr'>tran-</span> 
     </span>
     <span class='ocr_line' id='line_1_80' title="bbox 1043 1148 1998 1198; baseline 0.001 -14"><span class='ocrx_word' id='word_1_490' title='bbox 1043 1148 1163 1185; x_wconf 90' lang='lat' dir='ltr'>sierat</span> <span class='ocrx_word' id='word_1_491' title='bbox 1179 1150 1227 1185; x_wconf 85' lang='lat' dir='ltr'>ad</span> <span class='ocrx_word' id='word_1_492' title='bbox 1244 1149 1487 1197; x_wconf 85' lang='lat' dir='ltr'>metropolim</span> <span class='ocrx_word' id='word_1_493' title='bbox 1505 1148 1898 1198; x_wconf 82' lang='lat' dir='ltr'>Magdeburgensem,</span> <span class='ocrx_word' id='word_1_494' title='bbox 1914 1161 1998 1197; x_wconf 85' lang='lat' dir='ltr'>sup-</span> 
     </span>
     <span class='ocr_line' id='line_1_81' title="bbox 1043 1201 2000 1249; baseline 0.001 -12"><span class='ocrx_word' id='word_1_495' title='bbox 1043 1204 1251 1249; x_wconf 86' lang='lat' dir='ltr'>presserat,</span> <span class='ocrx_word' id='word_1_496' title='bbox 1269 1202 1454 1239; x_wconf 89' lang='lat' dir='ltr'>restituta</span> <span class='ocrx_word' id='word_1_497' title='bbox 1473 1201 1567 1247; x_wconf 88' lang='lat' dir='ltr'>fuit,</span> <span class='ocrx_word' id='word_1_498' title='bbox 1587 1204 1626 1238; x_wconf 92' lang='lat' dir='ltr'>et</span> <span class='ocrx_word' id='word_1_499' title='bbox 1647 1203 1693 1239; x_wconf 91' lang='lat' dir='ltr'>de</span> <span class='ocrx_word' id='word_1_500' title='bbox 1715 1201 1895 1238; x_wconf 88' lang='lat' dir='ltr'>Gisilario</span> <span class='ocrx_word' id='word_1_501' title='bbox 1915 1204 2000 1238; x_wconf 87' lang='lat' dir='ltr'>sta-</span> 
     </span>
     <span class='ocr_line' id='line_1_82' title="bbox 1044 1254 1998 1303; baseline 0.001 -13"><span class='ocrx_word' id='word_1_502' title='bbox 1044 1256 1188 1300; x_wconf 85' lang='lat' dir='ltr'>tutum,</span> <span class='ocrx_word' id='word_1_503' title='bbox 1205 1261 1246 1291; x_wconf 89' lang='lat' dir='ltr'>ut</span> <span class='ocrx_word' id='word_1_504' title='bbox 1268 1254 1305 1291; x_wconf 91' lang='lat' dir='ltr'>in</span> <span class='ocrx_word' id='word_1_505' title='bbox 1327 1255 1417 1292; x_wconf 89' lang='lat' dir='ltr'>sede</span> <span class='ocrx_word' id='word_1_506' title='bbox 1434 1254 1767 1303; x_wconf 86' lang='lat' dir='ltr'>Magdeburgensi</span> <span class='ocrx_word' id='word_1_507' title='bbox 1788 1266 1998 1302; x_wconf 88' lang='lat' dir='ltr'>permane-</span> 
     </span>
     <span class='ocr_line' id='line_1_83' title="bbox 1043 1307 1995 1356; baseline 0.001 -14"><span class='ocrx_word' id='word_1_508' title='bbox 1043 1309 1116 1351; x_wconf 88' lang='lat' dir='ltr'>ret,</span> <span class='ocrx_word' id='word_1_509' title='bbox 1129 1307 1160 1343; x_wconf 90' lang='lat' dir='ltr'>si</span> <span class='ocrx_word' id='word_1_510' title='bbox 1177 1307 1270 1344; x_wconf 85' lang='lat' dir='ltr'>cleri</span> <span class='ocrx_word' id='word_1_511' title='bbox 1288 1307 1496 1356; x_wconf 87' lang='lat' dir='ltr'>populique</span> <span class='ocrx_word' id='word_1_512' title='bbox 1517 1307 1707 1344; x_wconf 88' lang='lat' dir='ltr'>electione</span> <span class='ocrx_word' id='word_1_513' title='bbox 1728 1308 1774 1344; x_wconf 87' lang='lat' dir='ltr'>ad</span> <span class='ocrx_word' id='word_1_514' title='bbox 1797 1319 1883 1344; x_wconf 90' lang='lat' dir='ltr'>eam</span> <span class='ocrx_word' id='word_1_515' title='bbox 1903 1307 1995 1343; x_wconf 82' lang='lat' dir='ltr'>fuis-</span> 
     </span>
     <span class='ocr_line' id='line_1_84' title="bbox 1043 1359 1999 1409; baseline 0.001 -14"><span class='ocrx_word' id='word_1_516' title='bbox 1043 1361 1103 1395; x_wconf 91' lang='lat' dir='ltr'>set</span> <span class='ocrx_word' id='word_1_517' title='bbox 1122 1359 1354 1406; x_wconf 83' lang='lat' dir='ltr'>translatus3</span> <span class='ocrx_word' id='word_1_518' title='bbox 1376 1360 1408 1396; x_wconf 90' lang='lat' dir='ltr'>si</span> <span class='ocrx_word' id='word_1_519' title='bbox 1427 1361 1510 1396; x_wconf 88' lang='lat' dir='ltr'>sine</span> <span class='ocrx_word' id='word_1_520' title='bbox 1530 1371 1665 1397; x_wconf 87' lang='lat' dir='ltr'>eorum</span> <span class='ocrx_word' id='word_1_521' title='bbox 1687 1360 1905 1409; x_wconf 87' lang='lat' dir='ltr'>suffragiis,</span> <span class='ocrx_word' id='word_1_522' title='bbox 1923 1371 1999 1396; x_wconf 89' lang='lat' dir='ltr'>non</span> 
     </span>
     <span class='ocr_line' id='line_1_85' title="bbox 1043 1412 1999 1461; baseline 0.001 -14"><span class='ocrx_word' id='word_1_523' title='bbox 1043 1414 1176 1448; x_wconf 89' lang='lat' dir='ltr'>tamen</span> <span class='ocrx_word' id='word_1_524' title='bbox 1189 1412 1412 1450; x_wconf 87' lang='lat' dir='ltr'>ambitionis</span> <span class='ocrx_word' id='word_1_525' title='bbox 1424 1424 1555 1458; x_wconf 82' lang='lat' dir='ltr'>eausa,</span> <span class='ocrx_word' id='word_1_526' title='bbox 1568 1413 1614 1449; x_wconf 88' lang='lat' dir='ltr'>ad</span> <span class='ocrx_word' id='word_1_527' title='bbox 1627 1413 1999 1461; x_wconf 86' lang='lat' dir='ltr'>Merseburgensem</span> 
     </span>
     <span class='ocr_line' id='line_1_86' title="bbox 1042 1465 1998 1511; baseline 0 -11"><span class='ocrx_word' id='word_1_528' title='bbox 1042 1465 1174 1501; x_wconf 88' lang='lat' dir='ltr'>sedem</span> <span class='ocrx_word' id='word_1_529' title='bbox 1197 1466 1362 1511; x_wconf 84' lang='lat' dir='ltr'>rediret3</span> <span class='ocrx_word' id='word_1_530' title='bbox 1383 1465 1415 1502; x_wconf 88' lang='lat' dir='ltr'>si</span> <span class='ocrx_word' id='word_1_531' title='bbox 1437 1477 1530 1502; x_wconf 91' lang='lat' dir='ltr'>vero</span> <span class='ocrx_word' id='word_1_532' title='bbox 1551 1465 1773 1502; x_wconf 88' lang='lat' dir='ltr'>ambitionis</span> <span class='ocrx_word' id='word_1_533' title='bbox 1799 1468 1839 1502; x_wconf 91' lang='lat' dir='ltr'>et</span> <span class='ocrx_word' id='word_1_534' title='bbox 1865 1465 1998 1502; x_wconf 89' lang='lat' dir='ltr'>avari-</span> 
     </span>
     <span class='ocr_line' id='line_1_87' title="bbox 1042 1515 1996 1566; baseline 0.001 -13"><span class='ocrx_word' id='word_1_535' title='bbox 1042 1517 1123 1554; x_wconf 87' lang='lat' dir='ltr'>tiae</span> <span class='ocrx_word' id='word_1_536' title='bbox 1158 1529 1302 1561; x_wconf 87' lang='lat' dir='ltr'>causa,</span> <span class='ocrx_word' id='word_1_537' title='bbox 1326 1522 1489 1566; x_wconf 87' lang='lat' dir='ltr'>utraque</span> <span class='ocrx_word' id='word_1_538' title='bbox 1520 1518 1610 1554; x_wconf 91' lang='lat' dir='ltr'>sede</span> <span class='ocrx_word' id='word_1_539' title='bbox 1640 1517 1741 1554; x_wconf 86' lang='lat' dir='ltr'>foret</span> <span class='ocrx_word' id='word_1_540' title='bbox 1774 1518 1952 1565; x_wconf 88' lang='lat' dir='ltr'>privatus</span> <span class='ocrx_word' id='word_1_541' title='bbox 1970 1515 1996 1554; x_wconf 81' lang='lat'>3.</span> 
     </span>
     <span class='ocr_line' id='line_1_88' title="bbox 1043 1569 1997 1617; baseline 0.001 -12"><span class='ocrx_word' id='word_1_542' title='bbox 1043 1570 1255 1617; x_wconf 87' lang='lat' dir='ltr'>Gregorius</span> <span class='ocrx_word' id='word_1_543' title='bbox 1276 1571 1311 1607; x_wconf 88' lang='lat' dir='ltr'><strong>V</strong></span> <span class='ocrx_word' id='word_1_544' title='bbox 1327 1571 1451 1607; x_wconf 78' lang='lat' dir='ltr'>vitam</span> <span class='ocrx_word' id='word_1_545' title='bbox 1475 1571 1606 1607; x_wconf 89' lang='lat' dir='ltr'>amisit</span> <span class='ocrx_word' id='word_1_546' title='bbox 1625 1583 1685 1607; x_wconf 91' lang='lat' dir='ltr'>an.</span> <span class='ocrx_word' id='word_1_547' title='bbox 1707 1570 1804 1616; x_wconf 88' lang='lat'>999,</span> <span class='ocrx_word' id='word_1_548' title='bbox 1823 1569 1899 1607; x_wconf 83' lang='lat' dir='ltr'>xn⁰</span> <span class='ocrx_word' id='word_1_549' title='bbox 1926 1570 1997 1607; x_wconf 87' lang='lat' dir='ltr'>cal.</span> 
     </span>
     <span class='ocr_line' id='line_1_89' title="bbox 1043 1622 1999 1671; baseline 0 -12"><span class='ocrx_word' id='word_1_550' title='bbox 1043 1623 1274 1660; x_wconf 88' lang='lat' dir='ltr'>mart.annis</span> <span class='ocrx_word' id='word_1_551' title='bbox 1290 1623 1499 1668; x_wconf 87' lang='lat' dir='ltr'>duobus,et</span> <span class='ocrx_word' id='word_1_552' title='bbox 1514 1624 1706 1660; x_wconf 86' lang='lat' dir='ltr'>mensibus</span> <span class='ocrx_word' id='word_1_553' title='bbox 1723 1622 1889 1671; x_wconf 89' lang='lat' dir='ltr'>amplius</span> <span class='ocrx_word' id='word_1_554' title='bbox 1899 1626 1999 1667; x_wconf 85' lang='lat' dir='ltr'>octo,</span> 
     </span>
     <span class='ocr_line' id='line_1_90' title="bbox 1043 1675 1650 1722; baseline 0.002 -11"><span class='ocrx_word' id='word_1_555' title='bbox 1043 1686 1156 1722; x_wconf 87' lang='lat' dir='ltr'>quam</span> <span class='ocrx_word' id='word_1_556' title='bbox 1170 1675 1356 1713; x_wconf 86' lang='lat' dir='ltr'>Pontifex</span> <span class='ocrx_word' id='word_1_557' title='bbox 1378 1679 1532 1713; x_wconf 87' lang='lat' dir='ltr'>creatus</span> <span class='ocrx_word' id='word_1_558' title='bbox 1552 1680 1650 1713; x_wconf 86' lang='lat' dir='ltr'>erat.</span> 
     </span>
    </p>

    <p class='ocr_par' dir='ltr' id='par_1_11' title="bbox 1042 1727 1998 1923">
     <span class='ocr_line' id='line_1_91' title="bbox 1097 1727 1991 1766; baseline 0 -2"><span class='ocrx_word' id='word_1_559' title='bbox 1097 1727 1182 1765; x_wconf 82' lang='lat'>109.</span> <span class='ocrx_word' id='word_1_560' title='bbox 1205 1729 1439 1765; x_wconf 67' lang='lat' dir='ltr'>Bassorum</span> <span class='ocrx_word' id='word_1_561' title='bbox 1459 1731 1668 1766; x_wconf 75' lang='lat' dir='ltr'>conversio</span> <span class='ocrx_word' id='word_1_562' title='bbox 1683 1750 1734 1755; x_wconf 88' lang='lat'><em>-</em></span> <span class='ocrx_word' id='word_1_563' title='bbox 1751 1727 1991 1766; x_wconf 82' lang='lat' dir='ltr'>Posteriori-</span> 
     </span>
     <span class='ocr_line' id='line_1_92' title="bbox 1042 1780 1991 1818; baseline 0.002 -3"><span class='ocrx_word' id='word_1_564' title='bbox 1042 1780 1114 1816; x_wconf 90' lang='lat' dir='ltr'>bus</span> <span class='ocrx_word' id='word_1_565' title='bbox 1129 1780 1245 1817; x_wconf 88' lang='lat' dir='ltr'>huius</span> <span class='ocrx_word' id='word_1_566' title='bbox 1260 1782 1403 1818; x_wconf 85' lang='lat' dir='ltr'>saeculi</span> <span class='ocrx_word' id='word_1_567' title='bbox 1420 1781 1530 1818; x_wconf 88' lang='lat' dir='ltr'>annis</span> <span class='ocrx_word' id='word_1_568' title='bbox 1547 1782 1594 1818; x_wconf 89' lang='lat' dir='ltr'>ab</span> <span class='ocrx_word' id='word_1_569' title='bbox 1609 1781 1800 1818; x_wconf 87' lang='lat' dir='ltr'>idolorum</span> <span class='ocrx_word' id='word_1_570' title='bbox 1817 1781 1926 1818; x_wconf 89' lang='lat' dir='ltr'>cultu</span> <span class='ocrx_word' id='word_1_571' title='bbox 1944 1782 1991 1818; x_wconf 88' lang='lat' dir='ltr'>ad</span> 
     </span>
     <span class='ocr_line' id='line_1_93' title="bbox 1042 1832 1998 1882; baseline 0.001 -14"><span class='ocrx_word' id='word_1_572' title='bbox 1042 1832 1270 1880; x_wconf 86' lang='lat' dir='ltr'>religionem</span> <span class='ocrx_word' id='word_1_573' title='bbox 1301 1834 1555 1871; x_wconf 87' lang='lat' dir='ltr'>christianam</span> <span class='ocrx_word' id='word_1_574' title='bbox 1586 1834 1776 1882; x_wconf 87' lang='lat' dir='ltr'>perducta</span> <span class='ocrx_word' id='word_1_575' title='bbox 1796 1833 1873 1870; x_wconf 88' lang='lat' dir='ltr'>fuit</span> <span class='ocrx_word' id='word_1_576' title='bbox 1888 1834 1998 1870; x_wconf 87' lang='lat' dir='ltr'>Rus-</span> 
     </span>
     <span class='ocr_line' id='line_1_94' title="bbox 1042 1885 1994 1923; baseline 0.002 -3"><span class='ocrx_word' id='word_1_577' title='bbox 1042 1896 1174 1921; x_wconf 88' lang='lat' dir='ltr'>sorum</span> <span class='ocrx_word' id='word_1_578' title='bbox 1203 1897 1270 1922; x_wconf 88' lang='lat' dir='ltr'>seu</span> <span class='ocrx_word' id='word_1_579' title='bbox 1301 1887 1574 1923; x_wconf 87' lang='lat' dir='ltr'>Ruthenorum</span> <span class='ocrx_word' id='word_1_580' title='bbox 1596 1886 1713 1923; x_wconf 85' lang='lat' dir='ltr'>natio.</span> <span class='ocrx_word' id='word_1_581' title='bbox 1736 1887 1818 1923; x_wconf 86' lang='lat' dir='ltr'>Iam</span> <span class='ocrx_word' id='word_1_582' title='bbox 1838 1885 1994 1923; x_wconf 90' lang='lat' dir='ltr'>saeculo</span> 
     </span>
    </p>
   </div>
   <div class='ocr_carea' id='block_1_7' title="bbox 1035 1938 1994 1986">
    <p class='ocr_par' dir='ltr' id='par_1_12' title="bbox 1035 1938 1994 1986">
     <span class='ocr_line' id='line_1_95' title="bbox 1035 1938 1994 1986; baseline 0.001 -12"><span class='ocrx_word' id='word_1_583' title='bbox 1035 1938 1298 1985; x_wconf 87' lang='lat' dir='ltr'>praecedente</span> <span class='ocrx_word' id='word_1_584' title='bbox 1337 1939 1451 1976; x_wconf 90' lang='lat' dir='ltr'>multi</span> <span class='ocrx_word' id='word_1_585' title='bbox 1480 1951 1504 1976; x_wconf 89' lang='lat' dir='ltr'>a</span> <span class='ocrx_word' id='word_1_586' title='bbox 1533 1939 1808 1984; x_wconf 87' lang='lat' dir='ltr'>missionariis,</span> <span class='ocrx_word' id='word_1_587' title='bbox 1837 1950 1934 1986; x_wconf 91' lang='lat' dir='ltr'>quos</span> <span class='ocrx_word' id='word_1_588' title='bbox 1965 1950 1994 1975; x_wconf 94' lang='lat' dir='ltr'>s.</span> 
     </span>
    </p>
   </div>
   <div class='ocr_carea' id='block_1_8' title="bbox 1040 1990 2039 2984">
    <p class='ocr_par' dir='ltr' id='par_1_13' title="bbox 1040 1990 2039 2984">
     <span class='ocr_line' id='line_1_96' title="bbox 1042 1990 1998 2040; baseline 0.001 -14"><span class='ocrx_word' id='word_1_589' title='bbox 1042 1990 1216 2038; x_wconf 72' lang='lat' dir='ltr'>ignatius</span> <span class='ocrx_word' id='word_1_590' title='bbox 1237 1992 1460 2039; x_wconf 86' lang='lat' dir='ltr'>patriarcha</span> <span class='ocrx_word' id='word_1_591' title='bbox 1477 1993 1543 2040; x_wconf 89' lang='lat' dir='ltr'>Cp.</span> <span class='ocrx_word' id='word_1_592' title='bbox 1564 1992 1604 2028; x_wconf 90' lang='lat' dir='ltr'>in</span> <span class='ocrx_word' id='word_1_593' title='bbox 1626 1992 1809 2028; x_wconf 84' lang='lat' dir='ltr'>Russiam</span> <span class='ocrx_word' id='word_1_594' title='bbox 1839 1991 1998 2028; x_wconf 85' lang='lat' dir='ltr'>direxe-</span> 
     </span>
     <span class='ocr_line' id='line_1_97' title="bbox 1043 2044 1994 2092; baseline 0 -13"><span class='ocrx_word' id='word_1_595' title='bbox 1043 2045 1130 2089; x_wconf 86' lang='lat' dir='ltr'>rat,</span> <span class='ocrx_word' id='word_1_596' title='bbox 1160 2045 1207 2080; x_wconf 88' lang='lat' dir='ltr'>ad</span> <span class='ocrx_word' id='word_1_597' title='bbox 1247 2044 1500 2081; x_wconf 86' lang='lat' dir='ltr'>christianam</span> <span class='ocrx_word' id='word_1_598' title='bbox 1530 2045 1646 2081; x_wconf 88' lang='lat' dir='ltr'>fidem</span> <span class='ocrx_word' id='word_1_599' title='bbox 1685 2048 1724 2080; x_wconf 91' lang='lat' dir='ltr'>et</span> <span class='ocrx_word' id='word_1_600' title='bbox 1756 2044 1994 2092; x_wconf 87' lang='lat' dir='ltr'>baptismum</span> 
     </span>
     <span class='ocr_line' id='line_1_98' title="bbox 1041 2094 1994 2144; baseline 0 -12"><span class='ocrx_word' id='word_1_601' title='bbox 1041 2094 1203 2133; x_wconf 84' lang='lat' dir='ltr'>fuerant</span> <span class='ocrx_word' id='word_1_602' title='bbox 1223 2096 1399 2144; x_wconf 85' lang='lat' dir='ltr'>perducti</span> <span class='ocrx_word' id='word_1_603' title='bbox 1414 2096 1440 2133; x_wconf 76' lang='lat'>4.</span> <span class='ocrx_word' id='word_1_604' title='bbox 1459 2098 1570 2133; x_wconf 88' lang='lat' dir='ltr'>Anno</span> <span class='ocrx_word' id='word_1_605' title='bbox 1589 2096 1667 2135; x_wconf 77' lang='lat'>955</span> <span class='ocrx_word' id='word_1_606' title='bbox 1687 2096 1799 2144; x_wconf 89' lang='lat' dir='ltr'>Olga,</span> <span class='ocrx_word' id='word_1_607' title='bbox 1814 2108 1913 2144; x_wconf 86' lang='lat' dir='ltr'>quae</span> <span class='ocrx_word' id='word_1_608' title='bbox 1935 2096 1994 2132; x_wconf 87' lang='lat' dir='ltr'>de-</span> 
     </span>
     <span class='ocr_line' id='line_1_99' title="bbox 1042 2147 1993 2197; baseline 0 -13"><span class='ocrx_word' id='word_1_609' title='bbox 1042 2147 1176 2185; x_wconf 84' lang='lat' dir='ltr'>functo</span> <span class='ocrx_word' id='word_1_610' title='bbox 1197 2150 1338 2186; x_wconf 86' lang='lat' dir='ltr'>marito</span> <span class='ocrx_word' id='word_1_611' title='bbox 1359 2161 1428 2186; x_wconf 87' lang='lat' dir='ltr'>suo</span> <span class='ocrx_word' id='word_1_612' title='bbox 1449 2150 1574 2197; x_wconf 86' lang='lat' dir='ltr'>Igore,</span> <span class='ocrx_word' id='word_1_613' title='bbox 1590 2149 1674 2186; x_wconf 90' lang='lat' dir='ltr'>loco</span> <span class='ocrx_word' id='word_1_614' title='bbox 1690 2149 1903 2197; x_wconf 87' lang='lat' dir='ltr'>impuberis</span> <span class='ocrx_word' id='word_1_615' title='bbox 1922 2147 1993 2185; x_wconf 87' lang='lat' dir='ltr'>filii</span> 
     </span>
     <span class='ocr_line' id='line_1_100' title="bbox 1042 2201 1992 2247; baseline -0.001 -10"><span class='ocrx_word' id='word_1_616' title='bbox 1042 2201 1103 2237; x_wconf 89' lang='lat' dir='ltr'>sui</span> <span class='ocrx_word' id='word_1_617' title='bbox 1126 2202 1318 2239; x_wconf 86' lang='lat' dir='ltr'>Suetoslai</span> <span class='ocrx_word' id='word_1_618' title='bbox 1334 2231 1343 2247; x_wconf 95' lang='lat'>,</span> <span class='ocrx_word' id='word_1_619' title='bbox 1364 2203 1580 2239; x_wconf 84' lang='lat' dir='ltr'>Russorum</span> <span class='ocrx_word' id='word_1_620' title='bbox 1611 2208 1671 2239; x_wconf 85' lang='lat' dir='ltr'>res</span> <span class='ocrx_word' id='word_1_621' title='bbox 1692 2202 1992 2245; x_wconf 85' lang='lat' dir='ltr'>moderabatur,</span> 
     </span>
     <span class='ocr_line' id='line_1_101' title="bbox 1042 2253 1990 2302; baseline -0.001 -12"><span class='ocrx_word' id='word_1_622' title='bbox 1042 2253 1374 2302; x_wconf 86' lang='lat' dir='ltr'>Constantinopoli</span> <span class='ocrx_word' id='word_1_623' title='bbox 1394 2255 1631 2302; x_wconf 87' lang='lat' dir='ltr'>baptismum</span> <span class='ocrx_word' id='word_1_624' title='bbox 1655 2257 1693 2291; x_wconf 90' lang='lat' dir='ltr'>et</span> <span class='ocrx_word' id='word_1_625' title='bbox 1713 2265 1850 2291; x_wconf 89' lang='lat' dir='ltr'>nomen</span> <span class='ocrx_word' id='word_1_626' title='bbox 1869 2253 1990 2290; x_wconf 91' lang='lat' dir='ltr'>Hele-</span> 
     </span>
     <span class='ocr_line' id='line_1_102' title="bbox 1044 2307 1996 2354; baseline 0 -12"><span class='ocrx_word' id='word_1_627' title='bbox 1044 2318 1116 2343; x_wconf 88' lang='lat' dir='ltr'>nae</span> <span class='ocrx_word' id='word_1_628' title='bbox 1137 2307 1324 2354; x_wconf 80' lang='lat' dir='ltr'>suscepit3</span> <span class='ocrx_word' id='word_1_629' title='bbox 1342 2307 1411 2343; x_wconf 77' lang='lat' dir='ltr'>secl</span> <span class='ocrx_word' id='word_1_630' title='bbox 1426 2307 1573 2344; x_wconf 80' lang='lat' dir='ltr'>frustra</span> <span class='ocrx_word' id='word_1_631' title='bbox 1588 2307 1637 2344; x_wconf 89' lang='lat' dir='ltr'>ad</span> <span class='ocrx_word' id='word_1_632' title='bbox 1653 2308 1890 2354; x_wconf 79' lang='lat' dir='ltr'>baptismum</span> <span class='ocrx_word' id='word_1_633' title='bbox 1910 2307 1996 2342; x_wconf 89' lang='lat' dir='ltr'>hor-</span> 
     </span>
     <span class='ocr_line' id='line_1_103' title="bbox 1041 2359 1991 2408; baseline -0.002 -13"><span class='ocrx_word' id='word_1_634' title='bbox 1041 2361 1126 2405; x_wconf 87' lang='lat' dir='ltr'>tata</span> <span class='ocrx_word' id='word_1_635' title='bbox 1155 2361 1216 2395; x_wconf 90' lang='lat' dir='ltr'>est</span> <span class='ocrx_word' id='word_1_636' title='bbox 1244 2359 1368 2396; x_wconf 87' lang='lat' dir='ltr'>filium</span> <span class='ocrx_word' id='word_1_637' title='bbox 1388 2371 1503 2396; x_wconf 86' lang='lat' dir='ltr'>suum</span> <span class='ocrx_word' id='word_1_638' title='bbox 1525 2360 1636 2408; x_wconf 88' lang='lat' dir='ltr'>regni</span> <span class='ocrx_word' id='word_1_639' title='bbox 1656 2369 1930 2402; x_wconf 83' lang='lat' dir='ltr'>successorem,</span> <span class='ocrx_word' id='word_1_640' title='bbox 1951 2360 1991 2394; x_wconf 91' lang='lat' dir='ltr'>et</span> 
     </span>
     <span class='ocr_line' id='line_1_104' title="bbox 1044 2411 1992 2461; baseline -0.001 -14"><span class='ocrx_word' id='word_1_641' title='bbox 1044 2411 1138 2448; x_wconf 90' lang='lat' dir='ltr'>nihil</span> <span class='ocrx_word' id='word_1_642' title='bbox 1155 2411 1259 2449; x_wconf 88' lang='lat' dir='ltr'>aliud</span> <span class='ocrx_word' id='word_1_643' title='bbox 1281 2413 1328 2448; x_wconf 88' lang='lat' dir='ltr'>ab</span> <span class='ocrx_word' id='word_1_644' title='bbox 1348 2423 1392 2449; x_wconf 92' lang='lat' dir='ltr'>eo</span> <span class='ocrx_word' id='word_1_645' title='bbox 1413 2413 1574 2460; x_wconf 85' lang='lat' dir='ltr'>accepit,</span> <span class='ocrx_word' id='word_1_646' title='bbox 1590 2424 1707 2461; x_wconf 87' lang='lat' dir='ltr'>quam</span> <span class='ocrx_word' id='word_1_647' title='bbox 1737 2415 1778 2448; x_wconf 89' lang='lat' dir='ltr'>ut</span> <span class='ocrx_word' id='word_1_648' title='bbox 1798 2411 1992 2448; x_wconf 90' lang='lat' dir='ltr'>neminem</span> 
     </span>
     <span class='ocr_line' id='line_1_105' title="bbox 1041 2463 1990 2512; baseline -0.001 -12"><span class='ocrx_word' id='word_1_649' title='bbox 1041 2463 1287 2501; x_wconf 83' lang='lat' dir='ltr'>subditorum</span> <span class='ocrx_word' id='word_1_650' title='bbox 1326 2476 1486 2501; x_wconf 88' lang='lat' dir='ltr'>suorum</span> <span class='ocrx_word' id='word_1_651' title='bbox 1516 2466 1564 2501; x_wconf 88' lang='lat' dir='ltr'>ab</span> <span class='ocrx_word' id='word_1_652' title='bbox 1594 2464 1866 2512; x_wconf 84' lang='lat' dir='ltr'>amplectenda</span> <span class='ocrx_word' id='word_1_653' title='bbox 1894 2463 1990 2499; x_wconf 89' lang='lat' dir='ltr'>chri-</span> 
     </span>
     <span class='ocr_line' id='line_1_106' title="bbox 1042 2516 1989 2565; baseline -0.002 -12"><span class='ocrx_word' id='word_1_654' title='bbox 1042 2517 1169 2553; x_wconf 87' lang='lat' dir='ltr'>stiana</span> <span class='ocrx_word' id='word_1_655' title='bbox 1200 2516 1388 2565; x_wconf 87' lang='lat' dir='ltr'>religione</span> <span class='ocrx_word' id='word_1_656' title='bbox 1426 2520 1588 2554; x_wconf 86' lang='lat' dir='ltr'>arceret.</span> <span class='ocrx_word' id='word_1_657' title='bbox 1629 2517 1772 2553; x_wconf 85' lang='lat' dir='ltr'>Eodem</span> <span class='ocrx_word' id='word_1_658' title='bbox 1815 2522 1989 2563; x_wconf 90' lang='lat' dir='ltr'>tempore</span> 
     </span>
     <span class='ocr_line' id='line_1_107' title="bbox 1041 2567 1986 2606; baseline -0.002 -1"><span class='ocrx_word' id='word_1_659' title='bbox 1041 2581 1069 2606; x_wconf 88' lang='lat' dir='ltr'>s.</span> <span class='ocrx_word' id='word_1_660' title='bbox 1091 2569 1327 2606; x_wconf 87' lang='lat' dir='ltr'>Adalbertus</span> <span class='ocrx_word' id='word_1_661' title='bbox 1347 2581 1499 2606; x_wconf 85' lang='lat' dir='ltr'>sacram</span> <span class='ocrx_word' id='word_1_662' title='bbox 1522 2569 1742 2606; x_wconf 80' lang='lat' dir='ltr'>missionem</span> <span class='ocrx_word' id='word_1_663' title='bbox 1762 2567 1808 2604; x_wconf 86' lang='lat' dir='ltr'>ad</span> <span class='ocrx_word' id='word_1_664' title='bbox 1833 2569 1986 2604; x_wconf 87' lang='lat' dir='ltr'>Russo-</span> 
     </span>
     <span class='ocr_line' id='line_1_108' title="bbox 1041 2620 1989 2669; baseline -0.002 -11"><span class='ocrx_word' id='word_1_665' title='bbox 1041 2633 1128 2658; x_wconf 87' lang='lat' dir='ltr'>rum</span> <span class='ocrx_word' id='word_1_666' title='bbox 1157 2624 1313 2669; x_wconf 90' lang='lat' dir='ltr'>gentem</span> <span class='ocrx_word' id='word_1_667' title='bbox 1335 2622 1477 2668; x_wconf 81' lang='lat' dir='ltr'>obivit3</span> <span class='ocrx_word' id='word_1_668' title='bbox 1508 2622 1574 2658; x_wconf 88' lang='lat' dir='ltr'>sed</span> <span class='ocrx_word' id='word_1_669' title='bbox 1604 2633 1653 2658; x_wconf 77' lang='lat' dir='ltr'>ex</span> <span class='ocrx_word' id='word_1_670' title='bbox 1683 2632 1816 2657; x_wconf 87' lang='lat' dir='ltr'>eorum</span> <span class='ocrx_word' id='word_1_671' title='bbox 1845 2620 1989 2656; x_wconf 86' lang='lat' dir='ltr'>finibus</span> 
     </span>
     <span class='ocr_line' id='line_1_109' title="bbox 1042 2671 1990 2712; baseline -0.002 -2"><span class='ocrx_word' id='word_1_672' title='bbox 1042 2674 1239 2710; x_wconf 87' lang='lat' dir='ltr'>discedere</span> <span class='ocrx_word' id='word_1_673' title='bbox 1273 2678 1431 2712; x_wconf 87' lang='lat' dir='ltr'>coactus</span> <span class='ocrx_word' id='word_1_674' title='bbox 1464 2678 1533 2711; x_wconf 85' lang='lat' dir='ltr'>est.</span> <span class='ocrx_word' id='word_1_675' title='bbox 1564 2674 1737 2709; x_wconf 83' lang='lat' dir='ltr'>Tandem</span> <span class='ocrx_word' id='word_1_676' title='bbox 1760 2671 1990 2710; x_wconf 89' lang='lat' dir='ltr'>Wolodimi-</span> 
     </span>
     <span class='ocr_line' id='line_1_110' title="bbox 1041 2725 1987 2773; baseline -0.001 -10"><span class='ocrx_word' id='word_1_677' title='bbox 1041 2737 1120 2771; x_wconf 85' lang='lat' dir='ltr'>rus,</span> <span class='ocrx_word' id='word_1_678' title='bbox 1135 2727 1183 2763; x_wconf 90' lang='lat' dir='ltr'>ab</span> <span class='ocrx_word' id='word_1_679' title='bbox 1200 2738 1260 2763; x_wconf 90' lang='lat' dir='ltr'>an.</span> <span class='ocrx_word' id='word_1_680' title='bbox 1278 2727 1356 2764; x_wconf 81' lang='lat'>980</span> <span class='ocrx_word' id='word_1_681' title='bbox 1372 2738 1544 2764; x_wconf 88' lang='lat' dir='ltr'>summus</span> <span class='ocrx_word' id='word_1_682' title='bbox 1564 2727 1779 2762; x_wconf 84' lang='lat' dir='ltr'>Russorum</span> <span class='ocrx_word' id='word_1_683' title='bbox 1795 2725 1987 2773; x_wconf 88' lang='lat' dir='ltr'>princeps,</span> 
     </span>
     <span class='ocr_line' id='line_1_111' title="bbox 1042 2777 2039 2827; baseline -0.002 -12"><span class='ocrx_word' id='word_1_684' title='bbox 1042 2783 1271 2827; x_wconf 82' lang='lat' dir='ltr'>expugnata</span> <span class='ocrx_word' id='word_1_685' title='bbox 1298 2780 1496 2816; x_wconf 87' lang='lat' dir='ltr'>Chersone</span> <span class='ocrx_word' id='word_1_686' title='bbox 1516 2778 1556 2815; x_wconf 90' lang='lat' dir='ltr'>in</span> <span class='ocrx_word' id='word_1_687' title='bbox 1578 2777 1744 2823; x_wconf 87' lang='lat' dir='ltr'>Tauria,</span> <span class='ocrx_word' id='word_1_688' title='bbox 1765 2789 1855 2814; x_wconf 89' lang='lat' dir='ltr'>cum</span> <span class='ocrx_word' id='word_1_689' title='bbox 1874 2777 1991 2814; x_wconf 89' lang='lat' dir='ltr'>Basi-</span> <span class='ocrx_word' id='word_1_690' title='bbox 2035 2788 2039 2792; x_wconf 67' lang='grc'>’</span> 
     </span>
     <span class='ocr_line' id='line_1_112' title="bbox 1040 2829 1991 2879; baseline -0.001 -12"><span class='ocrx_word' id='word_1_691' title='bbox 1040 2831 1092 2868; x_wconf 91' lang='lat' dir='ltr'>lio</span> <span class='ocrx_word' id='word_1_692' title='bbox 1122 2832 1159 2868; x_wconf 93' lang='lat' dir='ltr'>II</span> <span class='ocrx_word' id='word_1_693' title='bbox 1193 2831 1429 2879; x_wconf 83' lang='lat' dir='ltr'>imperatore</span> <span class='ocrx_word' id='word_1_694' title='bbox 1456 2831 1694 2867; x_wconf 86' lang='lat' dir='ltr'>Graecorum</span> <span class='ocrx_word' id='word_1_695' title='bbox 1721 2841 1856 2878; x_wconf 89' lang='lat' dir='ltr'>pacem</span> <span class='ocrx_word' id='word_1_696' title='bbox 1882 2829 1991 2876; x_wconf 83' lang='lat' dir='ltr'>iniit3</span> 
     </span>
     <span class='ocr_line' id='line_1_113' title="bbox 1041 2882 1990 2930; baseline -0.002 -10"><span class='ocrx_word' id='word_1_697' title='bbox 1041 2884 1196 2920; x_wconf 90' lang='lat' dir='ltr'>Annam</span> <span class='ocrx_word' id='word_1_698' title='bbox 1225 2895 1396 2920; x_wconf 86' lang='lat' dir='ltr'>sororem</span> <span class='ocrx_word' id='word_1_699' title='bbox 1429 2883 1509 2919; x_wconf 84' lang='lat' dir='ltr'>eius</span> <span class='ocrx_word' id='word_1_700' title='bbox 1530 2883 1568 2918; x_wconf 92' lang='lat' dir='ltr'>in</span> <span class='ocrx_word' id='word_1_701' title='bbox 1589 2882 1795 2930; x_wconf 89' lang='lat' dir='ltr'>coniugem</span> <span class='ocrx_word' id='word_1_702' title='bbox 1814 2885 1854 2919; x_wconf 90' lang='lat' dir='ltr'>et</span> <span class='ocrx_word' id='word_1_703' title='bbox 1872 2893 1990 2919; x_wconf 90' lang='lat' dir='ltr'>occu-</span> 
     </span>
     <span class='ocr_line' id='line_1_114' title="bbox 1040 2935 1987 2984; baseline -0.002 -11"><span class='ocrx_word' id='word_1_704' title='bbox 1040 2938 1175 2984; x_wconf 89' lang='lat' dir='ltr'>patum</span> <span class='ocrx_word' id='word_1_705' title='bbox 1197 2936 1441 2972; x_wconf 85' lang='lat' dir='ltr'>territorium</span> <span class='ocrx_word' id='word_1_706' title='bbox 1456 2935 1495 2971; x_wconf 89' lang='lat' dir='ltr'>in</span> <span class='ocrx_word' id='word_1_707' title='bbox 1511 2935 1641 2971; x_wconf 88' lang='lat' dir='ltr'>dotem</span> <span class='ocrx_word' id='word_1_708' title='bbox 1658 2935 1809 2983; x_wconf 89' lang='lat' dir='ltr'>accepit</span> <span class='ocrx_word' id='word_1_709' title='bbox 1824 2946 1871 2972; x_wconf 90' lang='lat' dir='ltr'>ea</span> <span class='ocrx_word' id='word_1_710' title='bbox 1886 2935 1987 2982; x_wconf 81' lang='lat' dir='ltr'>lege,</span> 
     </span>
    </p>
   </div>
   <div class='ocr_carea' id='block_1_9' title="bbox 1077 3051 1913 3213">
    <p class='ocr_par' dir='ltr' id='par_1_14' title="bbox 1079 3051 1305 3091">
     <span class='ocr_line' id='line_1_115' title="bbox 1079 3051 1305 3091; baseline -0.009 -8"><span class='ocrx_word' id='word_1_711' title='bbox 1079 3053 1090 3073; x_wconf 87' lang='lat'>¹</span> <span class='ocrx_word' id='word_1_712' title='bbox 1110 3053 1173 3083; x_wconf 77' lang='lat' dir='ltr'>Virl.</span> <span class='ocrx_word' id='word_1_713' title='bbox 1192 3062 1221 3091; x_wconf 89' lang='lat' dir='ltr'>p.</span> <span class='ocrx_word' id='word_1_714' title='bbox 1234 3051 1305 3083; x_wconf 74' lang='lat'><strong>⁶265.</strong></span> 
     </span>
    </p>

    <p class='ocr_par' dir='ltr' id='par_1_15' title="bbox 1078 3089 1913 3170">
     <span class='ocr_line' id='line_1_116' title="bbox 1078 3089 1913 3130; baseline -0.004 -6"><span class='ocrx_word' id='word_1_715' title='bbox 1078 3096 1091 3118; x_wconf 78' lang='lat'>2</span> <span class='ocrx_word' id='word_1_716' title='bbox 1109 3094 1221 3130; x_wconf 66' lang='lat' dir='ltr'>haphe,</span> <span class='ocrx_word' id='word_1_717' title='bbox 1241 3090 1358 3123; x_wconf 81' lang='lat' dir='ltr'>Concil.</span> <span class='ocrx_word' id='word_1_718' title='bbox 1377 3094 1395 3121; x_wconf 77' lang='lat' dir='ltr'>t.</span> <span class='ocrx_word' id='word_1_719' title='bbox 1413 3091 1464 3129; x_wconf 78' lang='lat' dir='ltr'>lx,</span> <span class='ocrx_word' id='word_1_720' title='bbox 1482 3100 1509 3129; x_wconf 32' lang='lat' dir='ltr'>p,</span> <span class='ocrx_word' id='word_1_721' title='bbox 1529 3089 1605 3128; x_wconf 50' lang='lat'>77&amp;</span> <span class='ocrx_word' id='word_1_722' title='bbox 1622 3092 1707 3130; x_wconf 74' lang='lat' dir='ltr'>Pagi,</span> <span class='ocrx_word' id='word_1_723' title='bbox 1723 3091 1761 3121; x_wconf 70' lang='lat' dir='ltr'>aa</span> <span class='ocrx_word' id='word_1_724' title='bbox 1776 3100 1825 3122; x_wconf 81' lang='lat' dir='ltr'>an.</span> <span class='ocrx_word' id='word_1_725' title='bbox 1845 3090 1913 3121; x_wconf 82' lang='lat'>998.</span> 
     </span>
     <span class='ocr_line' id='line_1_117' title="bbox 1079 3132 1358 3170; baseline -0.011 -6"><span class='ocrx_word' id='word_1_726' title='bbox 1079 3134 1093 3156; x_wconf 84' lang='grc'>3</span> <span class='ocrx_word' id='word_1_727' title='bbox 1109 3134 1222 3170; x_wconf 85' lang='lat' dir='ltr'>Labbe,</span> <span class='ocrx_word' id='word_1_728' title='bbox 1234 3133 1291 3162; x_wconf 85' lang='lat' dir='ltr'>loc.</span> <span class='ocrx_word' id='word_1_729' title='bbox 1309 3132 1358 3162; x_wconf 80' lang='lat' dir='ltr'>cit.</span> 
     </span>
    </p>

    <p class='ocr_par' dir='ltr' id='par_1_16' title="bbox 1077 3172 1303 3213">
     <span class='ocr_line' id='line_1_118' title="bbox 1077 3172 1303 3213; baseline -0.013 -8"><span class='ocrx_word' id='word_1_730' title='bbox 1077 3177 1091 3197; x_wconf 69' lang='lat'><strong>⁴</strong></span> <span class='ocrx_word' id='word_1_731' title='bbox 1108 3175 1173 3205; x_wconf 84' lang='lat' dir='ltr'>vid.</span> <span class='ocrx_word' id='word_1_732' title='bbox 1190 3183 1218 3213; x_wconf 87' lang='lat' dir='ltr'>p.</span> <span class='ocrx_word' id='word_1_733' title='bbox 1235 3172 1303 3203; x_wconf 70' lang='lat'>24¹.</span> 
     </span>
    </p>
   </div>
  </div>
 </body>
</html>
