2241 3473
223 123 272 162 12

168 200 282 240 verbi
299 209 453 249 praeco
482 200 636 246 factus,
668 196 872 232 illustrem
899 192 1000 241 fidei
1025 201 1124 228 suae

168 257 328 303 famam
357 253 532 289 sortitus
559 255 636 293 est,
657 250 702 284 in
729 247 892 283 iustitia
920 244 1124 282 mundum

170 309 416 344 universum
437 306 649 342 instruens
679 300 706 347 ¹,
733 311 802 348 per
817 299 1025 336 decursum
1041 309 1126 334 nar-

166 360 354 398 rabimus.

223 414 282 451 En
311 411 546 461 apostolicae
574 405 766 444 missionis
794 404 1021 453 primordia.
1045 404 1121 441 Sed

172 469 318 516 quanta
348 465 499 502 divinae
526 461 618 498 huic
638 471 774 496 eorum
795 458 968 496 missioni
987 458 1122 495 obsta-

170 521 286 558 bant!
317 519 361 556 In
398 516 534 566 primis
568 513 762 550 vincenda
790 514 877 549 erat
914 511 1124 548 durissima

171 574 404 611 Iudaeorum
433 566 663 612 obstinatio,
691 565 961 603 immutandae
987 575 1123 602 eorum

174 627 476 676 praeconceptae
506 622 553 658 de
581 619 741 665 Messia,
759 619 918 667 eiusque
938 630 1057 667 regno
1076 629 1123 654 o-

170 679 354 729 piniones.
376 675 615 714 Debellanda
644 674 818 722 gentium
847 673 1068 710 inveterata
1086 670 1122 708 i-

172 730 378 770 dololatria
397 732 436 767 et
446 727 671 769 destruendi
682 726 789 775 impii
805 726 916 764 ritus.
927 725 1126 774 Corrigen-

173 786 212 823 di
243 783 418 834 perversi
446 782 677 832 populorum
707 779 868 817 affectus
898 791 943 816 ac
970 777 1127 828 pessimi

168 850 308 876 mores.
350 836 572 885 Ingerenda
599 845 736 872 eorum
775 832 915 871 animis
943 831 1099 881 Religio
1116 861 1125 877 ,

173 895 373 930 terrarum
383 888 518 927 incolis
538 888 728 933 inaudita,
739 887 862 924 sacris
873 886 1049 935 gentium
1064 885 1125 921 in-

171 945 319 983 stitutis
339 944 521 988 adversa,
537 941 763 990 vigentibus
778 939 1023 989 opinionibus
1040 950 1125 975 con-

169 998 316 1046 traria,
345 996 586 1047 passionibus
613 993 792 1040 inimica;
822 992 996 1042 Religio,
1027 1004 1124 1041 quae

167 1053 298 1090 Iesum
319 1049 555 1089 crucifixum
583 1047 745 1085 humani
765 1046 921 1096 generis
940 1045 1125 1083 Salvato-

170 1118 255 1144 rem
268 1135 277 1151 ,
297 1108 338 1143 et
356 1115 494 1141 verum
515 1103 661 1148 Deum,
680 1100 900 1148 verumque
929 1099 1125 1136 hominem

168 1158 433 1209 praedicabat.
446 1155 610 1194 Interim
621 1153 797 1204 Apostoli
809 1154 859 1191 ad
870 1153 1060 1190 docendas
1081 1164 1125 1189 u-

172 1213 347 1251 niversas
367 1212 506 1261 gentes
525 1208 835 1259 proficiscuntur.
857 1206 973 1245 Omni
991 1206 1126 1244 huma-

172 1279 222 1304 no
251 1265 445 1316 praesidio
476 1262 677 1308 destituti,
705 1263 867 1311 egentes
884 1290 894 1308 ,
923 1259 1126 1309 despecti,

173 1333 277 1358 nunc
296 1317 542 1357 contumeliis
555 1346 564 1363 ,
583 1327 689 1354 nunc
707 1314 889 1361 vinculis,
909 1325 1013 1351 nunc
1032 1324 1126 1350 ver-

171 1374 331 1411 beribus
359 1372 533 1420 excepti,
562 1370 763 1407 Christum
791 1367 1046 1412 annuntiant,
1073 1367 1127 1404 E-

170 1427 396 1476 vangelium
417 1424 654 1475 praedicant.
676 1423 727 1461 Et
747 1422 840 1472 ipsis
858 1420 1126 1469 loquentibus,

173 1481 264 1530 ipsis
285 1479 464 1530 prodigia
483 1478 745 1527 patrantibus,
766 1475 1068 1514 simulacrorum
1089 1478 1128 1511 et

171 1534 366 1572 idolorum
395 1532 524 1570 cultus
543 1531 714 1577 corruit,
735 1529 868 1579 populi
885 1539 1125 1578 regeneran-

170 1591 248 1635 tur,
268 1599 395 1625 mores
415 1586 690 1631 immutantur,
710 1583 814 1621 orbis
832 1583 1065 1628 innovatur,
1086 1584 1127 1618 et

172 1642 220 1680 ad
241 1641 453 1691 gloriosum
474 1639 606 1678 Crucis
623 1637 769 1676 Christi
784 1637 974 1675 vexillum
990 1638 1030 1673 et
1044 1634 1127 1673 Tri-

169 1695 241 1733 bus
270 1698 310 1732 et
339 1695 516 1744 Linguae
537 1693 810 1730 incurvantur.
831 1691 975 1739 Utique
994 1701 1021 1726 a
1040 1690 1126 1727 Do-

172 1750 284 1786 mino
313 1750 474 1797 factum
502 1752 565 1784 est
582 1745 718 1791 istud,
738 1751 776 1783 et
795 1750 857 1782 est
872 1744 1062 1782 mirabile
1082 1744 1126 1780 in

170 1803 300 1839 oculis
321 1803 474 1839 nostris
489 1804 514 1838 2.

228 1856 289 1894 19.
325 1855 518 1902 Calz‘yula
547 1855 773 1902 imperator
801 1853 1020 1889 Romanus
1040 1849 1127 1902 (cm.

172 1907 240 1959 37)
263 1929 311 1936 —
332 1908 612 1946 Moderabatur
638 1906 793 1943 interea
813 1906 1033 1942 Romanum
1054 1904 1126 1941 im-

174 1962 326 2013 perium
355 1960 559 2007 Tiberius,
587 1959 653 2009 qui
681 1971 784 1996 anno
812 1959 901 2007 post
928 1957 1125 1996 Christum

174 2019 313 2055 natum
341 2016 413 2061 37,
442 2025 585 2063 magno
614 2013 736 2051 totius
765 2011 897 2061 populi
916 2010 1060 2060 gaudio
1081 2011 1128 2047 ob

173 2069 375 2119 regiminis
397 2068 602 2112 duritiem,
622 2066 818 2104 extinctus
839 2068 910 2103 est.
932 2063 1129 2102 Successit

175 2124 212 2162 ei
232 2123 347 2161 Caius
366 2121 559 2171 Caligula,
578 2120 643 2169 qui
673 2118 824 2168 imperii
844 2117 902 2156 sui
922 2117 1032 2155 initio
1052 2129 1129 2155 ma-

177 2188 295 2227 gnam
315 2175 376 2214 sui
396 2187 505 2225 spem
527 2173 716 2212 Romanis
736 2172 841 2218 fecit3
857 2175 899 2209 at
918 2170 1027 2208 brevi
1045 2173 1131 2220 post

177 2243 222 2269 eo
242 2229 405 2269 sevitiae
426 2241 471 2266 ac
492 2227 711 2266 dementiae
737 2236 965 2275 progressus
995 2228 1067 2271 est,
1088 2226 1131 2262 ut

179 2283 326 2322 Tiberii
355 2282 604 2332 tyrannidem
634 2278 868 2324 excesserit,
897 2279 936 2315 et
963 2289 1031 2327 pro
1061 2279 1131 2315 dco

177 2338 250 2376 coli
266 2340 404 2387 optans
417 2366 426 2382 ,
447 2335 586 2384 ubique
607 2335 723 2372 aedes
742 2343 874 2370 sacras
894 2331 967 2369 sibi
987 2331 1130 2379 extrui,

177 2402 368 2440 suamque
398 2392 568 2427 statuam
591 2388 629 2425 in
651 2387 793 2436 templo
814 2384 1132 2434 Hierosolymita-

177 2457 227 2483 no
255 2443 418 2482 excitari
450 2441 617 2480 iusserit.
647 2441 684 2478 Is
714 2439 897 2478 Pontium
934 2438 1131 2485 Pilatum,

180 2499 257 2537 iam
286 2497 359 2536 sub
387 2495 544 2534 Tiberio
573 2496 740 2532 Romam
762 2493 808 2530 ad
829 2491 1012 2529 iudicium
1039 2504 1132 2529 evo-

180 2555 312 2590 catum
325 2580 335 2597 ,
355 2550 546 2588 Viennam
574 2547 726 2586 Galliae
747 2546 961 2595 relegavit,
982 2545 1047 2582 ubi
1066 2545 1132 2583 ille

179 2605 352 2643 criminis
372 2603 431 2642 sui
445 2632 454 2649 ,
474 2602 512 2640 in
534 2601 665 2640 mundi
687 2601 933 2638 Salvatorem
954 2599 1132 2646 admissi,

178 2659 337 2705 vindex,
357 2656 525 2705 seipsum
549 2654 759 2693 interemit.
791 2652 984 2691 Herodem
1014 2652 1132 2690 Anti-

184 2723 272 2762 pam
286 2741 295 2758 ,
315 2711 379 2760 qui
409 2708 639 2748 Herodiadis
658 2719 772 2746 suasu
795 2719 824 2744 s.
847 2706 1029 2743 Ioannem
1051 2707 1132 2743 Ba-

180 2767 343 2815 ptistam
371 2763 653 2807 decollaverat,
682 2761 915 2809 Lugdunum
937 2760 974 2796 in
997 2760 1133 2797 Galliis

185 2817 391 2867 relegavit,
412 2828 487 2865 quo
507 2816 719 2853 infaustam
740 2815 821 2851 eius
850 2817 993 2850 sortem
1016 2812 1135 2850 Hero-

186 2872 318 2910 diades
337 2872 475 2908 secuta
495 2872 554 2907 est
571 2867 596 2906 ³.
618 2868 831 2917 Agrippam
852 2867 1060 2905 Herodem.
1085 2869 1133 2904 A·

184 2923 365 2964 ristobuli
387 2922 524 2969 filium,
544 2935 567 2960 a
587 2921 742 2960 Tiberio
762 2921 800 2958 in
822 2932 1018 2959 carcerem
1039 2933 1133 2957 con-

224 3041 234 3062 ¹
254 3040 363 3081 Epist.
380 3039 403 3071 I
415 3039 462 3071 ad
480 3038 634 3070 Corinth.
652 3048 679 3070 n.
698 3038 726 3070 5.

224 3084 238 3104 ‘2
256 3083 389 3113 Psalm.
415 3081 544 3118 cxvm,
561 3081 608 3111 ⁶213.
628 3079 825 3111 Admirabilis
843 3078 1003 3121 Evangelii
1021 3089 1134 3120 propa-

185 3125 322 3168 gationis
339 3124 514 3155 testimonia
531 3123 610 3153 infra
627 3122 842 3153 indicabimus.

225 3167 240 3189 ³
256 3167 296 3198 1³1.
321 3166 439 3205 loseph.
463 3163 635 3203 Antiquit.
661 3163 925 3202 ind.1.xx'!11,c.
945 3163 964 3194 ⁶2
980 3167 1010 3195 ct
1026 3163 1059 3203 73
1076 3165 1136 3195 Eu-

187 3209 264 3247 scb.,
281 3206 501 3239 Hist.eccl.1.
519 3206 593 3246 11‚c.
609 3205 715 3237 «1017.

721 129 876 157 EPOCHA
906 129 932 155 1.
967 128 995 154 A
1022 126 1269 154 NATIVITATE
1297 127 1386 153 IESV
1414 126 1570 153 CHRISTI

1165 192 1325 239 iectum,
1345 190 1511 229 vinculis
1529 189 1669 237 solvit,
1687 192 1727 228 et
1745 193 1884 229 eatena
1902 202 2021 229 aurea
2040 191 2111 229 do-

1165 248 1316 291 natum,
1336 246 1383 283 ad
1404 244 1554 293 regiam
1574 242 1806 292 dignitatem
1825 245 1864 281 in
1885 244 2056 294 Philippi
2075 245 2116 282 et

1164 299 1359 349 Lysaniae
1378 295 1603 336 tetrarchiis
1624 296 1766 343 evexit;
1785 298 1850 335 sed
1865 297 1904 335 id
1919 298 2116 347 penesAE-

1165 354 1320 402 gyptios
1333 383 1342 399 ‚
1362 351 1532 389 maxime
1553 350 1862 397 Alexandrinos,
1881 353 2034 389 tantam
2053 351 2116 388 in-

1166 407 1324 452 vidiam,
1344 405 1591 452 furoremque
1612 403 1649 440 in
1672 403 1836 441 Iudaeos
1851 404 2056 451 excitavit,
2072 405 2116 442 ut

1165 462 1285 506 saxis,
1305 459 1489 504 fustibus,
1509 457 1613 495 ferro
1634 459 1674 493 et
1693 456 1784 505 igne
1803 456 1842 494 in
1864 458 2042 504 Iudaeos,
2057 458 2117 495 vi-

1165 526 1229 552 ros
1248 526 1293 552 ae
1313 513 1509 558 mulieres,
1528 512 1709 560 parentes
1728 521 1774 546 ac
1792 509 1906 557 filios,
1921 510 2116 548 saevitum

1165 567 1287 605 fuerit
1326 564 1349 604 ¹.
1386 567 1535 604 Eodem
1568 568 1743 612 tempore
1772 563 1974 602 Seleuciae
2003 566 2116 602 tanta

1166 621 1271 658 facta
1300 623 1360 658 est
1394 619 1433 657 in
1465 619 1628 657 Iudaeos
1658 616 1897 662 coniuratio,
1929 619 1971 655 ut
2002 617 2042 655 in
2071 629 2118 655 ea

1166 673 1451 723 quinquaginta
1467 684 1598 710 eorum
1614 670 1736 708 millia
1751 670 1896 719 aSyris
1907 672 1948 707 et
1957 670 2118 708 Graecis

1166 729 1404 776 interempta
1433 725 1574 772 fuisse,
1603 724 1750 762 scribat
1777 724 1837 762 Fl.
1867 723 2054 773 Iosephus
2090 724 2118 762 ².

1167 782 1227 819 Ita
1254 780 1440 819 obstinati
1468 778 1604 817 Iudaei
1631 781 1714 816 tum
1741 779 2013 816 Romanorum
2031 788 2118 826 pro-

1167 837 1390 873 curatorum
1409 863 1419 880 ,
1447 833 1696 880 militumque
1726 830 1974 869 immanitate
1993 860 2003 877 ,
2032 836 2119 868 tum

1167 888 1386 926 vicinarum
1406 887 1582 937 gentium
1602 885 1710 933 odiis,
1727 889 1812 923 tum
1830 883 2051 922 domesticis
2065 883 2120 921 fa-

1167 942 1358 979 ctionibus
1378 940 1562 990 oppressi,
1579 939 1758 977 ultricem
1775 938 1928 976 divinae
1943 937 2118 975 iustitiae

1168 1007 1325 1033 manum
1361 994 1688 1043 experiebantur,
1718 992 1945 1040 debitasque
1975 1002 2119 1040 poenas

1168 1061 1236 1099 pro
1257 1049 1461 1087 commisso
1480 1047 1519 1085 in
1543 1046 1743 1085 Christum
1763 1044 1925 1083 crimine
1943 1044 2117 1082 luebant.

1211 1102 1273 1140 20.
1283 1102 1542 1140 Antiochena
1551 1099 1934 1138 Ecclesia—Contra
1940 1097 2120 1135 Ecclesia

1168 1156 1308 1194 Christi
1331 1155 1455 1204 magis
1473 1153 1678 1203 magisque
1693 1152 1998 1202 propagabatur.
2017 1152 2118 1200 Apo-

1167 1210 1289 1247 stolus
1304 1209 1463 1254 Petrus,
1479 1211 1682 1257 postquam
1697 1205 1930 1244 Antiochiae
1945 1205 1986 1242 in
2000 1203 2118 1253 Syria

1168 1263 1398 1301 cathedram
1419 1274 1528 1300 suam
1549 1261 1757 1310 posuisset,
1777 1259 1817 1297 in
1838 1260 1980 1304 Ponto,
1999 1258 2118 1296 Gala-

1166 1317 1245 1363 tia,
1274 1315 1531 1366 Cappadocia,
1550 1314 1740 1364 Bithynia
1770 1315 1810 1351 et
1838 1313 1934 1351 Asia
1962 1311 2118 1349 Iudaeis

1167 1370 1426 1418 Evangelium
1446 1368 1696 1407 annuntiavit
1723 1369 1765 1405 et
1792 1366 1980 1404 ecclesias
1999 1365 2116 1403 insti-

1167 1424 1244 1462 tuit
1280 1422 1307 1461 ³.
1337 1423 1581 1461 Antiochena
1609 1421 1777 1459 ecclesia
1810 1432 1831 1458 e
1860 1417 2117 1458 conversione

1167 1480 1250 1515 tum
1267 1477 1510 1514 ethnicorum
1525 1478 1611 1513 tum
1624 1475 1854 1513 Iudaeorum
1866 1472 2041 1522 quotidie
2053 1484 2119 1510 au-

1168 1532 1345 1581 gebatur.
1368 1530 1479 1572 Quod
1498 1541 1586 1567 eum
1606 1529 1822 1567 audivisset
1841 1526 2003 1564 ecclesia
2018 1525 2119 1564 Hie-

1168 1584 1467 1633 rosolymitana,
1488 1583 1736 1622 Antiochiam
1756 1580 1946 1630 allegavit
1965 1592 1995 1618 s.
2012 1580 2116 1618 Bar-

1168 1639 1322 1683 nabam,
1341 1637 1472 1675 virum
1491 1636 1649 1686 plenum
1669 1635 1817 1685 Spiritu
1839 1635 1878 1672 S.
1900 1636 1940 1671 et
1957 1632 2055 1679 fide,
2075 1635 2120 1670 ut

1169 1704 1269 1741 quae
1302 1691 1382 1729 illie
1414 1690 1452 1728 in
1483 1689 1738 1728 conversione
1771 1686 1975 1738 gentilium
1995 1685 2119 1723 felici·

1168 1749 1231 1784 ter
1260 1747 1397 1795 coepta
1425 1743 1583 1781 fuerant
1611 1755 1634 1781 a
1663 1742 1892 1792 quibusdam
1922 1738 2121 1789 discipulis

1169 1800 1322 1849 Cypriis
1342 1802 1383 1836 et
1410 1797 1637 1847 Cyrenaeis,
1667 1795 1880 1846 perficeret.
1916 1793 2120 1831 Barnabas

1168 1854 1269 1891 hanc
1300 1851 1523 1890 missionem
1555 1851 1611 1888 ita
1636 1851 1823 1888 executus
1856 1849 1928 1893 est,
1958 1848 2002 1884 ut
2029 1859 2119 1884 cre-

1168 1906 1345 1944 dentium
1363 1935 1373 1952 ,
1405 1905 1474 1954 qui
1503 1905 1556 1942 ibi
1597 1904 1768 1953 primum
1806 1899 2019 1939 Christiani
2045 1911 2119 1949 ap-

1168 1959 1303 2009 pellati
1343 1962 1455 2004 sunt,
1494 1968 1680 1995 numerus
1720 1956 1758 1993 in
1788 1954 1870 1993 dies
1907 1956 2119 1992 cresceret.

1170 2016 1280 2051 Anno
1299 2012 1456 2050 circiter
1475 2011 1526 2048 38
1542 2010 1744 2048 Barnabas
1759 2009 1798 2047 in
1814 2007 1958 2046 laboris
1973 2007 2120 2045 socium

1170 2065 1421 2105 Antiochiam
1450 2063 1658 2102 accersivit
1685 2062 1872 2108 Saulum,
1900 2073 1923 2099 a
1951 2061 2032 2099 Deo
2070 2060 2120 2099 ad

1171 2118 1461 2157 conversionem
1491 2117 1668 2167 gentium
1688 2116 1910 2166 specialiter
1938 2114 2119 2153 electum.

1170 2172 1312 2211 Saulus
1332 2175 1419 2222 post
1437 2183 1549 2210 suam
1570 2170 1865 2208 conversionem
1884 2168 1923 2206 in
1942 2168 2120 2219 partibus

1172 2227 1351 2264 Damasci
1381 2225 1604 2275 aliquandiu
1632 2224 1828 2262 Christum
1859 2222 2119 2272 praedicarat,

1171 2280 1391 2329 multosque
1421 2279 1586 2317 Iudaeos
1616 2278 1663 2316 ad
1693 2277 1829 2315 Fidem
1858 2277 2117 2314 converterat.

1172 2333 1269 2371 Dein
1285 2333 1332 2370 ad
1354 2332 1603 2370 declinandas
1618 2330 1788 2377 insidias,
1805 2341 1901 2380 quas
1921 2329 1955 2367 ei
1984 2331 2118 2368 strue-

1173 2387 1267 2424 bant
1295 2386 1477 2424 obstinati
1505 2385 1663 2430 Iudaei,
1683 2384 1918 2434 confugerat
1937 2383 2120 2421 Hieroso-

1172 2441 1331 2489 lymam.
1345 2440 1470 2482 Quum
1492 2451 1617 2488 neque
1634 2438 1694 2476 hic
1708 2449 1845 2476 secure
1866 2438 2017 2487 ageret,
2028 2436 2121 2475 Cae-

1172 2505 1337 2540 saream,
1358 2494 1523 2541 hincque
1543 2493 1709 2530 Tarsum
1731 2491 1913 2541 petierat,
1934 2493 1974 2529 et
1992 2490 2031 2528 in
2052 2501 2118 2540 pa-

1172 2547 1247 2585 trio
1276 2547 1355 2585 solo
1386 2548 1550 2584 verbum
1572 2546 1642 2584 Dei
1663 2545 1925 2595 praedicavit,
1945 2544 2069 2583 donec
2097 2555 2120 2582 a

1173 2612 1202 2638 s.
1233 2601 1417 2638 Barnaba
1445 2602 1656 2638 vocaretur
1683 2598 1943 2636 Antiochiam.
1971 2598 2119 2637 Eorum

1172 2653 1463 2703 praedicatione
1479 2653 1722 2692 Antiochena
1741 2651 1906 2690 ecclesia
1919 2651 2029 2690 brevi
2045 2651 2120 2701 pri-

1174 2719 1277 2745 mam
1307 2710 1393 2756 post
1421 2707 1819 2756 Hierosolymitanam
1849 2703 2120 2744 celebritatem

1173 2761 1323 2810 accepit
1337 2760 1362 2798 ⁴.

1226 2814 1290 2852 21.
1315 2814 1514 2853 Claudius
1544 2816 1767 2865 imperator
1787 2815 2001 2852 Romanus
2031 2811 2118 2863 (an.

1175 2867 1295 2917 41)-
1312 2869 1439 2910 Quum
1461 2869 1673 2918 imperator
1692 2868 1809 2907 Caius
1830 2866 2007 2917 Caligula
2027 2877 2119 2916 pro-

1174 2925 1259 2970 pter
1278 2934 1389 2959 suam
1410 2922 1615 2960 saevitiam
1637 2924 1906 2960 Romanorum
1927 2920 2059 2959 odium
2080 2920 2121 2959 in

1175 2986 1215 3012 se
1236 2975 1466 3023 concitaret,
1486 2988 1585 3014 anno
1615 2975 1770 3026 imperii
1791 2974 1852 3013 sui
1873 2975 1929 3013 IV
1950 2986 1973 3013 a
1992 2975 2119 3014 Chae-

1218 3081 1227 3101 ¹
1249 3080 1346 3117 Philo,
1364 3082 1399 3112 in
1419 3083 1518 3119 Flac,
1535 3086 1563 3113 el
1580 3082 1694 3123 ἱεραί.
1708 3082 1755 3114 ad
1772 3079 1906 3114 Caium.

1217 3123 1231 3145 ²
1248 3123 1419 3163 Antiquit.
1436 3124 1453 3155 1.
1473 3125 1558 3163 xvn,
1574 3135 1600 3157 c.
1617 3125 1665 3156 12.

1219 3164 1233 3184 ³
1250 3165 1269 3195 1
1285 3166 1375 3202 Petri,
1393 3167 1414 3204 1,
1432 3166 1497 3203 1-⁶.’;
1515 3167 1638 3204 Enseb.,
1653 3165 1746 3197 Hist.
1763 3165 1838 3198 eccl.
1854 3165 1874 3198 l.
1890 3165 1979 3206 111,c.
1996 3164 2023 3197 1.

1219 3205 1232 3227 ⁴
1251 3206 1319 3238 Ace.
1338 3208 1444 3246 lx—x1;
1462 3207 1574 3248 Epist.
1590 3209 1636 3240 ad
1652 3208 1761 3240 Galat.
1778 3207 1799 3238 1.
