2241 3473
203 193 284 235 268
709 199 878 228 1:120an
896 199 971 227 xii.
995 198 1024 224 A
1044 196 1214 224 LlTIBvs
1232 196 1545 235 mnsams'rlms

148 286 297 318 sorem,
316 270 493 320 quamvis
518 269 580 305 hic
607 272 773 316 propter
799 269 947 305 iratum
965 277 1104 314 regem
1153 267 1287 303 reatori
1306 268 1463 316 (gallice
1481 268 1550 305 des
1568 267 1950 313 Εναηοε-Μαροηε),
1965 267 2013 306 de
2029 269 2110 318 qui·

147 338 313 367 munere
331 336 402 362 suo
431 323 540 370 fungi
566 333 643 358 non
671 321 859 370 potuerit.
876 321 962 363 Quo
981 322 1101 364 facto,
1152 321 1222 357 bus
1250 321 1355 359 infra
1380 322 1571 366 dicemus,
1591 322 1662 358 sub
1689 332 1818 369 poena
1841 323 2110 359 excommuni-

147 393 219 418 rex
236 378 415 427 superius
439 388 554 413 suum
579 376 786 412 decretum
814 374 1036 418 revocavit,
1063 377 1103 411 et
1152 374 1320 411 cationis
1346 376 1594 423 proscripsit.
1613 375 1794 420 Plurima
1818 375 1858 411 in
1884 376 1992 413 Urbe
2009 376 2107 413 etin

147 435 378 474 Caletanum
393 431 441 467 de
455 430 678 467 Cavaleriis
692 439 838 466 novum
849 428 1102 477 Apostolicae
1152 427 1306 475 reliqua
1334 429 1484 466 ditione
1514 428 1724 465 Pontificia
1749 427 1799 464 ad
1816 428 2012 475 publicam
2037 430 2110 466 uti-

147 487 259 525 Sedis
284 486 463 521 nuntium
489 484 660 520 admisit.
1151 480 1305 518 litatem
1335 483 1554 527 constituit;
1573 482 1678 518 inter
1705 481 1784 518 alia
1802 482 2041 528 Capitolium
2059 482 2110 520 ad

194 541 300 577 Idem
318 538 515 581 Pontifex,
535 549 653 585 quum
672 537 909 582 audivisset,
927 537 967 572 in
986 536 1102 572 Pala·
1152 535 1394 583 sculptorum
1409 567 1418 583 ‚
1444 537 1641 585 pictorum
1667 539 1708 572 et
1732 534 1980 573 eruditorum
2007 548 2112 573 com·

146 591 525 631 tinatuinferioriet
539 592 684 628 ducatu
700 591 1102 638 Neoburgensicom—
1153 588 1310 625 modum
1348 590 1556 628 decoravit
1593 589 1833 636 omnigenae
1863 589 2111 637 antiquitatis

144 648 278 696 plures
296 645 534 689 haereticos,
550 645 740 682 abiuratis
758 645 961 682 erroribus
980 644 1102 680 luthe-
1153 645 1420 681 monumentis
1445 647 1473 677 1.
1501 644 1696 680 Frontem
1723 642 1921 679 Basilicae
1946 643 2114 681 Latera·

144 701 275 744 ranis,
301 700 350 736 ad
376 700 423 735 R.
452 699 660 735 Ecclesiae
695 699 1014 735 communionem
1042 709 1103 734 re·
1153 698 1284 733 nensis
1309 698 1550 742 aedificavit,
1568 701 1687 745 atque
1713 697 1820 733 intus
1846 696 1887 732 in
1913 707 1963 733 ea
1988 698 2116 735 sacel-

145 755 276 798 dfisse,
293 754 466 801 aliosque
492 764 632 790 eorum
651 754 874 802 exemplum
895 758 1102 790 secuturos
1153 749 1233 785 lum
1260 763 1290 787 s.
1321 752 1509 789 Andreae
1537 751 1719 789 Corsinio
1751 749 2114 798 splendidissimum

143 810 242 853 fore,
268 809 342 844 nisi
369 811 477 844 metu
504 807 709 844 amittendi
738 808 842 844 bona
860 806 1099 844 ecclesiasti·
1155 807 1273 851 atque
1300 805 1554 849 ditissimum,
1580 805 1621 840 in
1648 816 1722 852 quo
1750 804 1822 840 sibi
1848 805 1980 851 posuit
2003 816 2116 842 mau-

144 874 205 905 ca,
224 862 440 899 maioribus
457 862 538 898 suis
556 872 581 898 a
599 866 780 909 tempore
799 867 980 898 mutatae
1000 862 1037 897 in
1056 861 1103 898 iis
1152 859 1305 895 solcum
1322 860 1658 909 porphyreticum.
1672 858 1874 896 Ecclesias
1889 858 2012 896 Pueri
2027 860 2114 897 Iesu

143 916 371 964 regionibus
396 915 620 962 Religionis
646 920 840 963 occupata
867 919 906 952 et
924 919 1099 959 retenta,
1153 923 1200 948 ac
1226 924 1279 949 ss.
1299 914 1406 951 Celsi
1431 920 1471 951 et
1497 914 1634 950 Iuliani
1653 913 1809 957 refecit;
1829 923 1892 949 an.
1915 913 2008 952 1730
2027 913 2116 950 vias

146 974 185 1007 et
210 974 422 1007 secuturae
449 969 539 1006 inde
566 970 724 1018 inopiae
749 970 1035 1015 retinerentur;
1053 981 1103 1007 ne
1152 965 1270 1003 Urbis
1298 968 1443 1004 stravit
1468 967 1598 1015 lapide
1625 966 1834 1014 quadrato,
1852 967 1939 1003 vias
1957 978 2113 1015 quoque

143 1024 182 1061 id
208 1035 345 1061 eorum
374 1024 422 1061 ab
448 1023 608 1060 haeresi
635 1024 884 1061 conversioni
911 1024 1101 1069 obstaret,
1154 1021 1385 1058 consulares
1411 1022 1588 1058 ferentes
1614 1021 1787 1056 Romam
1822 1020 2004 1057 munivit.
2033 1022 2110 1056 An-

144 1079 355 1123 concessit,
379 1083 423 1114 ut
448 1078 589 1115 eadem
610 1078 712 1115 bona
739 1079 787 1115 ab
814 1079 860 1115 iis
879 1083 922 1115 ut
941 1079 1103 1126 propria

142 1132 454 1179 possiderentur.
493 1132 586 1168 Pari
620 1132 736 1168 modo
762 1132 1010 1177 Saxonibus‚
1039 1133 1103 1181 qui

144 1186 194 1222 ad
228 1187 466 1223 catholicam
499 1186 617 1223 fidem
645 1186 870 1232 redierant,
898 1192 943 1223 ut
969 1199 1037 1224 eos
1063 1188 1102 1223 in

143 1239 220 1277 hac
245 1240 440 1285 firmaret,
469 1244 728 1288 caeterosque
755 1241 804 1277 ad
831 1241 1014 1278 eamdem
1040 1253 1102 1278 su-

143 1295 388 1342 scipiendam
417 1295 628 1339 evcstaret,
655 1299 893 1342 potestatem
920 1296 1015 1332 fecit
1041 1308 1103 1333 re-

143 1348 295 1385 tinendi
321 1349 452 1386 eccles
482 1348 597 1386 istica
614 1349 730 1393 bona,
750 1360 773 1385 a
792 1356 972 1396 tempore
992 1362 1103 1397 gras-

145 1403 269 1440 santis
287 1404 500 1440 haereseos
526 1408 735 1451 occupata.
755 1405 797 1440 In
816 1404 958 1452 oppido
985 1405 1103 1441 Ulani

144 1456 334 1495 dioecesis
349 1458 638 1495 Bisinianensis
652 1458 912 1494 seminarium
931 1470 999 1495 seu
1017 1460 1103 1497 Col-

142 1511 293 1559 legium
320 1512 503 1554 instituit,
524 1512 563 1548 in
590 1523 664 1560 quo
692 1512 802 1560 pueri
829 1513 928 1549 ritus
953 1514 1103 1561 graeci,

141 1566 181 1601 in
201 1565 430 1613 regionibus
447 1566 658 1604 Calabriae
683 1569 723 1602 et
742 1566 901 1603 Siciliae
921 1567 1102 1615 dispersi,

142 1630 224 1655 non
252 1620 367 1656 modo
386 1621 556 1664 litteras,
576 1620 644 1657 sed
672 1624 712 1656 et
738 1621 860 1656 multo
879 1622 1006 1669 magis
1025 1621 1107 1670 pie-

145 1677 267 1710 tatem
300 1685 517 1722 veramque
552 1674 790 1721 religionem
824 1674 1103 1721 addiscerent;

144 1727 208 1775 qui
224 1729 344 1764 rectis
359 1728 494 1763 imbuti
514 1728 718 1772 doctrinis,
734 1728 836 1775 apud
851 1740 942 1765 suos
958 1734 999 1766 et
1020 1741 1103 1774 eos,

145 1781 208 1828 qui
230 1786 360 1818 terras
379 1782 427 1817 ab
446 1781 613 1818 Oriente
626 1782 826 1826 colebant,
847 1782 894 1818 de
911 1783 1107 1819 catholica

143 1833 220 1870 fide
247 1840 287 1871 et
319 1836 552 1883 Apostolica
577 1835 680 1872 Sede
709 1836 809 1872 bene
837 1842 1103 1874 mererentur.

145 1887 206 1924 Ob
233 1888 271 1924 id
297 1889 518 1936 Collegium
554 1890 868 1926 Italo-Graecum
901 1890 1105 1927 Corsinicc-

145 1952 236 1978 num
255 1953 399 1979 nomen
427 1943 497 1979 sibi
522 1943 702 1980 adscivit.
725 1943 946 1981 Praeterea
966 1955 1108 1994 appro-

144 1995 253 2033 bavit
287 1997 497 2044 collegium
525 1997 626 2046 quod
653 1997 824 2045 Neapoli
850 1999 1105 2036 excitandum

145 2051 302 2087 curavit
336 2052 564 2089 Matthaeus
591 2053 708 2100 Ripa,
734 2053 1039 2101 Neapolitanus,
1067 2055 1105 2091 in

145 2116 220 2152 quo
256 2104 530 2142 adolescentes
564 2106 755 2143 Sinenses
787 2111 827 2143 et
855 2107 937 2143 Indi
964 2108 1106 2146 litteris

1155 1072 1249 1110 1732
1274 1073 1421 1112 Palatii
1449 1074 1667 1117 Quirinalis
1693 1074 1822 1122 equile
1849 1075 1898 1111 ab
1924 1075 2116 1111 Innocen-

1156 1127 1208 1162 tio
1236 1128 1325 1164 XIII
1354 1133 1540 1177 coeptum
1566 1128 1755 1172 absolvit,
1783 1133 1825 1166 et
1849 1129 1953 1166 latus
1979 1128 2114 1165 termi-

1156 1182 1280 1226 navit,
1307 1182 1503 1220 Familiae
1530 1182 1764 1220 Pontificiae
1783 1182 1981 1219 domicilio
2001 1181 2114 1219 novis

1155 1235 1317 1272 aedibus
1349 1237 1605 1284 amplificato.
1636 1236 1841 1274 Latiorem
1874 1236 2009 1281 viam,
2035 1236 2116 1272 Ro-

1155 1290 1338 1338 manique
1366 1291 1442 1327 fori
1462 1295 1730 1339 prospectum,
1752 1291 1922 1339 aperuit.
1942 1291 2113 1327 Domum

1154 1343 1400 1382 administris
1416 1345 1650 1382 Pontificiae
1665 1345 1823 1382 ditionis
1834 1345 2005 1393 negotiis
2020 1356 2113 1381 con—

1155 1399 1346 1436 sultandis
1363 1428 1372 1444 ‚
1406 1404 1523 1448 atque
1551 1399 1797 1437 brevioribus
1822 1400 2034 1448 EpistoliSl‚
2060 1399 2115 1436 le-

1153 1453 1212 1489 vis
1238 1458 1468 1491 armaturae
1487 1483 1496 1499 ,
1522 1459 1563 1491 et
1596 1455 1897 1492 thoracatorum
1935 1454 2112 1502 equitum

1155 1507 1321 1551 turmis,
1355 1519 1380 1544 a
1418 1508 1685 1546 fundamentis
1725 1509 1912 1546 extruxit.
1958 1511 2112 1556 Aquam

1158 1561 1395 1608 Virgineam
1422 1563 1539 1610 copia
1558 1567 1599 1599 et
1615 1563 1849 1600 salubritate
1867 1562 2115 1600 commenda-

1155 1622 1237 1651 tam
1264 1623 1409 1653 ornatu
1436 1617 1647 1665 magnifico
1673 1617 1894 1654 decoravit.
1913 1618 1956 1654 In
1983 1628 2031 1654 eo
2058 1621 2115 1653 et-

1154 1669 1234 1705 iam
1262 1670 1460 1718 insignem
1489 1671 1646 1708 laudem
1665 1671 1834 1719 adeptus
1851 1675 1927 1716 est,
1945 1670 2046 1719 quod
2064 1670 2115 1707 ad

1156 1724 1396 1761 avertendas
1414 1725 1463 1761 ab
1482 1726 1692 1769 Ravenna,
1709 1726 1867 1774 eiusque
1887 1736 1987 1773 agro
2005 1725 2115 1761 inun-

1156 1778 1353 1823 dationes,
1380 1779 1565 1816 Bedesim
1590 1781 1768 1824 fluvium,
1791 1784 1998 1817 cataracta
2014 1780 2112 1816 mul-

1157 1833 1304 1880 tiplicis
1320 1845 1414 1870 usus
1433 1838 1630 1878 extructa,
1649 1835 1688 1870 in
1708 1845 1854 1870 novum
1873 1835 2029 1872 alveum
2049 1834 2116 1871 de-

1155 1886 1277 1931 duxit,
1302 1887 1340 1923 in
1367 1888 1626 1936 eumdemque
1653 1889 1775 1925 Vitim
1803 1888 1984 1925 immisit:
2013 1887 2115 1936 quod

1157 1941 1380 1978 Romanam
1400 1943 1507 1979 viam
1535 1955 1582 1980 eo
1610 1944 1723 1980 alveo
1750 1944 2015 1991 interruptam
2035 1953 2116 1979 ma-

1157 1996 1291 2042 gnifici
1307 1997 1438 2044 operis
1455 2002 1573 2044 ponte
1592 1997 1802 2034 commisit:
1819 1997 1919 2045 quod
1938 1997 1988 2034 ab
2005 1996 2116 2034 Urbe

1158 2050 1208 2085 ad
1235 2061 1348 2087 mare
1376 2062 1449 2098 per
1466 2056 1620 2099 septem
1639 2051 1764 2088 millia
1781 2051 2008 2089 CCLXVlll
2030 2061 2119 2098 pas-

1157 2115 1224 2140 sus
1251 2104 1399 2140 fossam
1430 2105 1625 2153 perduxit,
1646 2106 1682 2141 in
1711 2116 1878 2153 eamque
1905 2104 2115 2142 corrivatis

1157 2158 1269 2205 aquis
1295 2158 1464 2194 faciliori
1491 2160 1682 2196 mercium
1710 2158 2000 2196 transvectioni
2026 2170 2116 2206 pro-

1157 2213 1298 2259 spexit·
1328 2212 1492 2248 Portum
1517 2214 1708 2250 Anconae
1735 2213 1914 2260 paravit,
1942 2217 1982 2250 et
2007 2212 2114 2250 vale·

1160 2265 1376 2310 tudinaria;
1397 2266 1635 2303 Vaticanam
1654 2278 1807 2315 quoque
1827 2267 2115 2321 Ribliothecam

1159 2319 1429 2366 locupletavit.

1206 2373 1333 2410 Desiit
1359 2374 1542 2412 Clemens
1565 2386 1690 2423 agere
1717 2376 1822 2413 inter
1849 2377 2029 2414 homines
2047 2386 2110 2412 an.

1160 2427 1266 2472 1740,
1294 2430 1385 2464 v111⁰
1411 2428 1496 2465 idus
1527 2431 1700 2467 februar.
1729 2430 2012 2468 Pontificatum
2040 2441 2112 2479 per

1158 2493 1283 2517 annos
1310 2482 1344 2527 9,
1373 2494 1492 2519 mens.
1521 2484 1557 2528 6,
1585 2489 1624 2521 ct
1649 2485 1734 2522 <lies
1762 2485 1830 2530 25,
1857 2485 1914 2522 ita
1939 2484 2113 2533 peregit,

1155 2540 1199 2571 ut
1224 2535 1380 2573 habitus
1408 2537 1527 2575 fuerit
1552 2539 1592 2574 in
1618 2544 1754 2576 sontes
1780 2539 1992 2576 salubriter
2019 2539 2111 2587 rigi·

1155 2589 1239 2632 dus,
1260 2592 1464 2629 severiore
1492 2593 1578 2640 lege
1605 2593 1760 2630 sancita
1785 2593 2043 2638 iustissimus,
2070 2593 2110 2630 in

1156 2644 1306 2690 populis
1332 2645 1538 2683 audiendis
1566 2647 1707 2692 facilis,
1727 2649 1765 2684 in
1793 2658 1942 2695 egenos
1969 2647 2113 2684 libera-

1156 2697 1214 2741 lis,
1251 2698 1289 2734 in
1314 2700 1513 2747 supplices
1540 2701 1716 2738 clemens
1734 2730 1743 2745 ,
1769 2705 1810 2738 et
1838 2701 1965 2749 potius
1990 2711 2108 2749 quam

1155 2763 1294 2798 poena,
1323 2755 1573 2792 correctione
1600 2760 1811 2792 contentus
1835 2757 1863 2790 ².

1199 2806 1257 2841 47.
1285 2806 1438 2854 Synodc
1471 2808 1712 2846 Nlaronc'tae
1738 2812 1774 2846 et
1808 2809 2050 2847 Albanenses
2069 2831 2109 2840 —-

1154 2860 1338 2897 Clemens
1365 2861 1436 2898 XII
1464 2862 1514 2899 ad
1541 2864 1766 2901 Mai-onitas
1784 2875 1854 2901 seu
1874 2863 2112 2903 christianos

148 2931 247 2972 1726,
276 2933 1102 2973 etinili017-27.(vi1l.l.nniliortin.DeServ.Dei
1155 2915 1298 2951 montis
1341 2915 1482 2952 Libani
1519 2918 1668 2955 incolas
1701 2918 1904 2966 ablegavit
1937 2918 2113 2959 doctissi-

147 2977 246 3010 Beat.
268 2978 289 3010 l.
320 2978 346 3018 1,
372 2987 401 3012 e.
421 2978 584 3022 magle,
605 2989 637 3013 n.
659 2979 731 3023 35.)
762 2980 877 3013 Eodem
904 2990 987 3013 anno
1017 2981 1103 3014 173ss
1155 2979 1261 3004 mum
1301 2971 1523 3017 praelatum
1563 2972 1773 3021 losephum
1811 2973 2013 3010 simonem
2041 2974 2113 3010 As-

145 3024 194 3056 ‹lie
222 3024 266 3057 14
290 3026 417 3067 augusti
436 3024 583 3058 Clemens
603 3026 659 3058 xll
683 3027 764 3059 dier.
787 3026 851 3058 100
871 3027 1102 3069 indulgentiam
1154 3068 1176 3071 Η

146 3071 327 3111 imperiivil
352 3071 513 3110 omnibus,
532 3073 581 3114 qui
609 3072 710 3113 prima
738 3073 844 3105 noctis
872 3074 948 3106 liora
976 3073 1012 3105 ad
1033 3074 1088 3115 pul

146 3125 216 3147 suni
234 3125 421 3158 campanae,
441 3118 532 3150 flexis
549 3117 698 3157 genibus,
720 3118 878 3151 l’salmum
895 3120 940 3151 De
956 3120 1103 3164 prosun-
1202 3123 1208 3143 ¹
1233 3125 1412 3160 Guarnacei
1428 3152 1435 3166 ,
1462 3126 1555 3161 Vitae
1581 3130 1611 3160 et
1629 3130 1725 3170 qesta
1746 3129 1814 3163 ΠΗ.
1835 3127 1979 3170 Pontis.;
2001 3128 2110 3164 Nalal.

147 3160 197 3192 dis
216 3163 438 3202 recitaverint,
457 3168 511 3196 aul
531 3163 716 3197 Orationem
740 3165 938 3198 Dominicam
955 3176 1024 3200 cum
1046 3166 1097 3199 Sa·
1156 3170 1250 3204 Alex.
1273 3172 1359 3205 Hist.
1381 3174 1462 3206 eccl.
1485 3174 1656 3216 Supplem.
1678 3180 1762 3217 part.
1783 3176 1828 3214 ll,
1846 3176 1924 3208 diss.
1944 3176 1969 3208 Ι.

148 3207 307 3240 liilalione
334 3209 488 3250 Angelica
508 3211 615 3241 aslzlilo
634 3211 795 3243 versiculo
816 3211 975 3254 Requiem
996 3215 1102 3246 aeler—
1199 3216 1212 3236 ⁴2
1231 3217 1278 3248 lia
1305 3220 1496 3262 inscriptum
1524 3224 1595 3252 ciat
1614 3221 1644 3252 in
1665 3226 1813 3263 pegmate
1843 3221 1970 3255 funebri
1997 3226 2111 3256 exli-u-

147 3261 243 3304 naml.
257 3254 289 3286 Si
309 3255 337 3285 iil
355 3265 411 3296 per
431 3265 550 3288 annum
569 3257 734 3297 integi-uni
755 3257 809 3289 siat
828 3258 972 3299 plenaria
991 3259 1103 3292 lndul-
1156 3265 1205 3293 cl«)
1229 3263 1258 3295 in
1281 3264 1419 3298 Basilica
1437 3274 1464 3297 s.
1481 3266 1570 3298 vviri
1589 3267 1789 3301 solemnibus
1803 3267 1949 3311 exequiis
1969 3269 2039 3302 eius
2057 3277 2094 3303 ce

148 3305 257 3340 genna
276 3302 476 3335 conceditur.
497 3302 750 3342 (lambertinus,
774 3304 856 3337 lust.
876 3306 912 3335 ssl
928 3329 935 3344 ,
952 3314 984 3347 p.
1005 3304 1100 3348 304.)
1160 3306 1334 3341 lebrandis.

144 2163 186 2196 et
212 2159 455 2197 christianae
490 2160 697 2207 religionis
733 2162 960 2209 praeceptis
999 2165 1106 2199 insti-

144 2216 355 2250 tuerentur
372 2242 380 2258 ,
407 2218 451 2250 ut
477 2214 531 2250 ita
559 2215 796 2262 comparati,
823 2217 1105 2263 propagandae

145 2266 250 2304 inter
267 2278 359 2304 suas
375 2272 515 2315 gentes
535 2268 744 2315 Evangelii
761 2269 836 2304 luci
856 2281 1020 2316 operam
1040 2282 1107 2307 na-

144 2331 242 2358 vare
263 2327 435 2369 possent.
448 2322 589 2358 Ssrum
605 2333 771 2358 numero
787 2321 998 2371 adscripsit
1014 2325 1106 2361 Vin-

145 2375 317 2411 centium
345 2386 370 2412 a
389 2375 527 2420 Paulo,
550 2376 810 2412 Franciscum
832 2377 973 2424 Regis,
994 2379 1106 2415 Iulia-

144 2439 236 2464 nam
256 2428 303 2465 de
323 2429 574 2466 Falconeriis
592 2434 634 2466 et
651 2430 914 2467 Catliarinam
934 2431 1106 2469 Fliscam

143 2482 346 2519 Adurnam
366 2486 390 2518 ¹.
416 2484 638 2520 Societates
664 2484 841 2521 occultas
872 2484 1104 2523 Liberorum

144 2534 513 2574 Coemcntariorum
538 2537 657 2584 vulgo
683 2537 778 2574 dicti
803 2538 863 2574 (lc'
885 2538 1001 2575 liberi
1025 2552 1104 2577 mu·

190 2655 198 2676 ¹
219 2655 255 2687 In
275 2656 331 2688 hac
349 2655 606 2688 Canonizatione
625 2664 693 2689 mos
708 2655 885 2688 oblationis
901 2657 1096 2697 Turturum,

144 2698 369 2734 Columbarum
398 2706 431 2734 et
456 2702 568 2734 Avium
589 2727 596 2740 ,
625 2703 680 2744 qui
707 2703 860 2744 usurpari
887 2709 1041 2745 coeperat
1066 2705 1097 2736 in

145 2746 401 2780 Canonizalione
427 2759 454 2780 s.
484 2749 654 2789 Brigiltae,
682 2754 846 2781 resumtus
873 2754 935 2781 est.
967 2750 1102 2782 Benedi-

145 2798 217 2826 Clus
244 2795 327 2826 enim
355 2794 430 2827 xlll
459 2795 642 2827 huiusmodi
669 2796 775 2828 avium
801 2795 1002 2828 oblationem
1031 2797 1101 2828 lieri

145 2840 253 2872 noluit
280 2841 310 2872 in
338 2841 472 2873 solemni
499 2840 754 2874 Canonizalione
782 2845 854 2875 octo
882 2842 1074 2874 Sanctorum
1095 2867 1102 2880 ‚

146 2895 241 2928 quam
269 2886 378 2918 habuit
406 2887 435 2918 in
463 2887 603 2919 Basilica
631 2887 784 2921 Vaticana
811 2887 871 2920 sub
898 2888 993 2920 linem
1025 2890 1100 2921 anni
