2241 3473
551 154 690 184 VSQVE
713 155 767 182 AD
788 155 1004 183 PVBLICAM
1027 155 1175 183 RERVM
1200 155 1239 183 IN
1260 156 1431 184 GALLIIS
1452 156 1776 185 SVBVERSIONEM

190 225 369 262 Ecclesia
386 225 554 262 Russica
581 226 832 274 patriarchae
857 227 1136 268 Moscoviensi,

189 278 250 327 qui
277 289 301 314 a
328 279 433 314 nullo
454 280 529 315 alio
557 280 804 328 dependebat
830 285 871 317 et
895 291 1048 316 summa
1076 291 1139 327 po-

191 336 332 368 testate
350 343 433 368 rem
450 334 762 370 ecclesiasticam
783 334 1043 380 gubernabat·
1056 334 1139 369 Ma-

187 395 266 431 gna
282 389 414 421 autem
435 397 585 422 morum
606 387 832 434 corruptela
855 392 893 422 et
913 386 1139 433 ignorantia

187 449 325 474 crassa
351 439 453 486 apud
480 440 627 476 Russos
652 440 917 482 invaluerant,
946 451 1022 475 non
1057 444 1136 476 tan-

188 494 268 527 tum
296 492 398 528 inter
426 493 562 536 laicos,
589 493 656 529 sed
683 494 802 529 etiam
829 493 933 528 inter
959 494 1139 529 clericos-

187 544 306 581 Nulla
319 546 421 592 apud
440 558 508 582 eos
525 547 769 583 habebantur
788 546 981 593 colloquia
999 546 1045 583 de
1062 557 1140 582 ma·

189 598 298 635 teriis
323 600 532 647 religiosis,
552 600 761 636 conciones
789 600 931 635 nullae.
954 600 1141 646 Exceptis

189 652 338 700 aliquot
356 654 557 689 monachis
574 658 613 690 et
629 653 842 701 episcopis,
861 664 1027 700 quorum
1049 664 1140 688 non-

191 706 285 742 nulli
302 718 427 754 pauca
445 708 591 754 aliquot
607 707 768 754 scripta,
787 706 834 743 de
853 707 1043 754 religione
1064 710 1140 742 tra-

190 760 351 803 ctantia,
370 766 410 797 et
432 772 508 796 non
536 761 607 797 nisi
635 760 798 796 minoris
825 760 1012 797 momenti
1039 771 1141 796 com-

190 819 417 860 posuerant,
451 815 598 851 caeteri
634 815 716 851 fere
750 825 886 850 omnes
919 815 1140 850 litterarum

188 872 373 914 expertes
388 873 516 911 erant,
529 868 694 916 nihilque
710 868 748 903 in
764 868 810 904 iis
827 868 1140 916 requirebantur,

189 920 262 956 nisi
288 925 329 956 ut
347 921 527 968 expedite
548 922 680 968 legere
700 926 740 958 et
766 921 861 958 ritus
886 933 1023 958 sacros
1049 921 1140 956 dex-

189 977 271 1010 tere
307 986 501 1022 peragere
534 975 693 1011 scirent.
738 976 842 1012 Inter
873 976 993 1011 laicos
1025 985 1138 1024 quam

187 1027 342 1074 plurimi
359 1033 486 1072 erant,
505 1029 569 1077 qui
587 1040 635 1065 ne
654 1030 806 1078 quidem
826 1031 1046 1066 orationem
1068 1029 1140 1064 Do-

185 1081 370 1118 minicam
398 1091 438 1120 et
463 1085 680 1132 symbolum
701 1084 967 1131 Apostolicum
997 1094 1139 1119 memo-

187 1135 247 1170 ria
278 1139 472 1172 tenerent.
501 1137 629 1178 Quum
656 1138 847 1183 temporis
874 1138 984 1184 lapsu
1010 1136 1048 1171 in
1076 1148 1140 1172 eo-

186 1198 272 1223 rum
306 1188 423 1225 libros
448 1201 585 1226 sacros
612 1195 651 1227 et
677 1190 880 1237 liturgicos
911 1190 1139 1237 ignorantia

183 1249 253 1277 aut
279 1242 490 1278 oscitantia
509 1243 760 1280 librariorum
787 1244 910 1279 multa
929 1243 1071 1279 menda
1091 1244 1138 1278 ir-

185 1294 416 1341 repsissent‚
446 1297 674 1343 patriarcha
697 1297 825 1332 Nicon
853 1308 916 1332 an.
939 1296 1031 1333 1655
1056 1297 1138 1332 Mo-

182 1347 344 1384 scoviae
369 1349 559 1396 synodum
587 1351 861 1397 congregavit,
889 1362 1004 1398 quae,
1032 1351 1137 1386 adhi-

185 1399 272 1436 bitis
299 1404 339 1437 et
365 1403 517 1439 collatis
543 1404 646 1440 inter
671 1415 714 1440 se
738 1414 853 1451 quam
883 1404 1056 1451 pluribus
1076 1416 1137 1440 ve-

184 1454 298 1490 tustis
323 1455 534 1500 codicibus,
554 1468 603 1493 ex
621 1457 790 1493 ecclesia
809 1458 966 1493 Graeca
993 1458 1134 1501 allatis,

184 1506 304 1544 libros
326 1519 463 1545 sacros
482 1514 522 1546 et
540 1510 742 1557 liturgicos
761 1511 1006 1547 emendaret.
1027 1511 1136 1559 Opus

183 1560 275 1598 inde
301 1566 484 1609 coeptum
510 1568 550 1600 et
576 1564 710 1600 sedulo
743 1564 1028 1609 continuatum,
1054 1570 1136 1601 tan-

183 1613 272 1650 dem
308 1625 373 1650 an.
409 1616 500 1652 1666
532 1617 570 1652 in
596 1617 744 1665 synodo
772 1618 953 1664 generali
984 1618 1136 1654 absolu-

184 1671 267 1704 tum
295 1673 367 1704 est.

232 1721 348 1758 Hanc
372 1723 601 1769 generalem
625 1723 814 1771 synodum
835 1725 998 1761 Alexius
1016 1726 1135 1774 impe-

185 1780 296 1812 rator
322 1777 598 1813 celebrandam
627 1778 780 1814 curavit
807 1783 945 1815 contra
968 1781 1135 1827 patriar-

184 1828 283 1865 chae
308 1829 472 1865 Niconis
499 1832 709 1867 conamina
732 1831 781 1867 ad
801 1832 995 1878 regendas
1014 1834 1133 1870 etiam

185 1893 250 1918 res
268 1882 417 1918 civiles.
437 1884 692 1931 Congregata
705 1896 753 1920 ea
768 1890 891 1922 estex
905 1887 1010 1922 omni
1026 1887 1133 1924 clero

183 1935 378 1972 ecclesiae
407 1936 610 1980 Russicae,
638 1938 841 1974 advocatis
868 1939 987 1975 etiam
1014 1941 1134 1978 tribus

184 1989 421 2037 patriarchis
456 1991 650 2028 ecclesiae
678 1992 857 2028 Graecae
877 2021 885 2036 ,
915 1994 1046 2030 multis
1072 2006 1131 2032 ar-

183 2043 444 2091 chiep1scopis
463 2048 503 2080 et
517 2045 604 2081 aliis
619 2046 821 2093 praelatis.
837 2046 878 2082 In
895 2047 967 2083 hac
981 2049 1131 2096 synodo

181 2096 310 2132 Nicon
338 2098 537 2145 depositus
561 2103 600 2135 et
617 2099 656 2134 in
676 2100 907 2136 coenobium
928 2101 1130 2149 relegatus

180 2149 267 2186 fuit.
296 2150 516 2188 Praeterea
542 2152 751 2189 decretum
778 2157 853 2196 est,
879 2158 922 2190 ut
946 2155 1132 2204 deinceps

181 2203 409 2250 patriarcha
435 2205 651 2242 Russorum
679 2218 757 2242 non
784 2218 807 2243 a
826 2208 920 2243 solis
939 2209 1130 2257 archiepi-

179 2257 331 2304 scopis,
363 2258 556 2306 episcopis
583 2264 623 2296 et
649 2260 770 2304 clero,
802 2261 870 2298 sed
897 2262 1012 2298 simul
1041 2275 1129 2300 cum

180 2308 228 2345 iis
253 2310 301 2346 ab
328 2311 574 2359 Imperatore
599 2317 639 2349 et
660 2318 802 2350 senatu
819 2315 1053 2362 eligeretur,
1075 2322 1128 2361 et,

179 2364 212 2398 si
239 2364 467 2410 patriarcha
494 2366 621 2401 officio
648 2378 717 2403 suo
747 2368 919 2411 deesset,
939 2370 986 2405 ab
1006 2371 1130 2418 Impe-

180 2420 316 2453 ratore
343 2422 383 2453 et
408 2425 547 2454 senatu
573 2419 816 2457 iudicaretur
842 2426 883 2458 et
908 2422 1037 2460 debite
1066 2435 1127 2460 ca-

179 2469 419 2516 stigaretur;
448 2476 490 2507 ut
517 2473 744 2519 patriarcha
773 2486 896 2511 novos
923 2477 1129 2526 episcopos

179 2528 247 2559 aut
267 2535 390 2560 novas
407 2524 657 2563 fundationes
676 2539 752 2563 non
771 2533 932 2565 crearet
949 2531 1035 2566 sine
1055 2532 1125 2567 Im-

179 2577 377 2623 peratoris
403 2582 443 2614 et
460 2583 623 2615 senatus
641 2591 848 2624 consensu;
869 2587 909 2618 ut
928 2594 1043 2620 nemo
1063 2584 1126 2621 de-

178 2629 315 2677 inceps
355 2631 454 2666 bona
490 2643 561 2667 sua
593 2635 842 2671 monasteriis
876 2640 942 2672 aut
974 2637 1128 2674 clericis

178 2683 384 2726 venderet,
403 2683 571 2721 donaret
589 2691 655 2722 aut
671 2687 836 2733 legaret.
855 2688 983 2729 Quum
1001 2703 1126 2739 neque

178 2735 237 2772 his
263 2736 433 2773 decretis
455 2738 615 2774 ambitio
634 2741 950 2787 patriarcharum
972 2744 1124 2781 Mosco-

177 2789 371 2826 viensium
399 2791 503 2826 intra
532 2791 674 2828 limites
701 2794 966 2839 cohiberetur,
990 2798 1127 2845 primis

176 2843 291 2879 annis
317 2844 465 2880 saeculi
498 2846 695 2892 sequentis
721 2858 860 2883 caesar
878 2876 886 2889 ,
916 2848 1058 2887 Petrus
1086 2853 1125 2896 I,

176 2897 411 2942 cognomine
431 2898 617 2945 Magnus,
637 2899 871 2946 dignitatem
893 2903 1127 2948 patriarchi-

176 2959 264 2985 cam
292 2960 354 2986 an.
387 2951 476 2987 1721
494 2952 668 2989 abolevit
685 2958 724 2989 et
743 2954 782 2989 in
801 2954 885 2990 eius
907 2955 1034 2992 locum
1053 2970 1123 3005 pro

175 3002 369 3050 regimine
390 3005 659 3042 ecclesiastico
681 3007 847 3044 instituit
865 3009 1056 3056 synodu'm
1071 3013 1123 3049 di-

176 3057 387 3103 rigentem.
423 3059 534 3095 Haec
567 3060 736 3108 synodus
765 3063 983 3109 composita
1016 3070 1078 3102 est
1102 3079 1123 3104 e

176 3111 474 3159 praeside‚quae
485 3113 871 3161 dignitasreservata
882 3121 943 3152 est
954 3121 1121 3164 caesari,

175 3163 262 3200 vice
287 3166 467 3212 praeside
496 3167 792 3216 archiepiscopo
812 3197 820 3212 ,
847 3181 916 3207 sex
943 3173 1121 3211 consilia—

176 3215 244 3254 riis
257 3219 466 3268 episcopis,
479 3221 616 3259 decem
628 3223 892 3262 assessoribus
901 3226 1122 3265 archiman-

2002 145 2080 183 247

1189 225 1302 261 dritis
1329 229 1369 262 et
1395 226 1567 273 pluribus
1587 226 1708 262 laicis.
1725 227 1944 273 Imperator
1958 226 2136 264 diversas

1191 279 1373 326 Europae
1395 280 1574 326 regiones
1593 279 1842 323 visitans‚an.
1858 280 1947 316 1717
1964 279 2136 317 Parisios

1192 338 1367 376 venerat,
1384 334 1447 369 ubi
1463 333 1645 369 doctores
1659 333 1865 369 Sorbonici
1881 345 1968 370 cum
1985 345 2031 370 eo
2048 345 2136 369 con-

1194 386 1368 422 tulerunt
1393 386 1439 422 de
1460 386 1602 422 unione
1623 387 1815 423 ecclesiae
1836 386 2027 424 Russicae
2047 397 2135 424 cum

1192 439 1387 482 Romana,
1414 439 1526 486 eique
1547 440 1716 475 libellum
1735 440 1782 477 de
1800 440 1873 476 hoc
1893 440 2051 486 negotio
2071 441 2136 477 ob-

1194 492 1376 528 tulerunt.
1407 493 1442 528 ls
1467 493 1621 540 quidem
1650 494 1844 540 promissa
1869 493 1982 530 varia
2007 493 2135 538 dedit,

1192 545 1260 581 scd
1288 545 1381 580 nihil
1407 546 1553 582 effecit.

1242 598 1366 635 Porro
1387 599 1595 636 occasione
1613 601 1884 644 correctionis,
1899 601 1969 637 sub
1982 601 2134 639 Nicone

1193 652 1420 698 patriarcha
1449 654 1577 689 factae
1598 654 1636 688 in
1656 653 1764 689 libris
1781 655 1907 690 sacris
1924 659 1965 691 et
1983 655 2134 699 ritibus,

1193 705 1303 741 multi
1330 710 1411 741 tum
1437 706 1572 742 clerici
1602 713 1681 743 tum
1708 707 1796 743 laici
1822 719 1863 744 se
1883 708 1932 744 ab
1949 709 2133 753 ecclesia,

1193 758 1249 794 sic
1275 758 1380 795 dicta
1405 759 1637 804 orthodoxa,
1666 766 1916 808 separarunt;
1937 762 2061 809 ipsam
2077 773 2135 799 re-

1195 811 1378 859 ligionem
1407 814 1455 849 ab
1486 824 1532 849 eo
1552 819 1779 861 corruptam
1797 819 1837 850 et
1855 826 1993 851 veram
2011 816 2136 852 eccle-

1192 865 1292 901 siam
1307 867 1408 913 apud
1425 878 1467 903 se
1483 868 1586 903 solos
1600 879 1686 904 esse
1702 868 2004 913 contendebant;
2019 880 2135 905 omne

1192 920 1473 957 commercium
1506 932 1593 957 cum
1621 921 1790 957 caeteris
1816 922 2018 966 vitabant;
2045 934 2136 960 con-

1192 977 1332 1010 ventus
1366 985 1504 1011 sacros
1538 975 1721 1022 prIVatim
1756 976 1953 1021 agebant;
1984 977 2136 1024 seipsos

1192 1027 1478 1071 Starobriosos,
1506 1029 1606 1065 idest
1632 1029 1810 1065 homines
1837 1030 2020 1077 antiquae
2044 1030 2135 1067 fidei

1191 1080 1381 1125 addictos,
1408 1083 1683 1130 appellabant;
1712 1083 1759 1118 ab
1787 1084 2013 1120 orthodoxis
2039 1095 2134 1121 vero

1191 1133 1466 1179 Rascoluicae,
1491 1136 1590 1173 idest
1608 1137 1864 1182 schismatici,
1884 1138 2135 1185 appellaban-

1193 1191 1267 1223 tur.
1290 1188 1507 1225 Orthodoxi
1526 1201 1671 1236 graves
1687 1192 1982 1238 persecutiones
1996 1197 2136 1228 contra

1192 1252 1260 1278 eos
1283 1242 1522 1287 excitarunt,
1539 1250 1581 1279 ut
1598 1244 1756 1280 eosdem
1778 1245 1838 1280 vel
1857 1244 1906 1280 ad
1925 1245 2135 1281 ecclesiam

1189 1294 1449 1340 reducerent,
1478 1297 1541 1332 vel
1567 1297 1829 1344 extirparent3
1857 1297 1925 1333 sed
1951 1302 2135 1334 neutrum

1189 1350 1390 1386 consecuti
1424 1356 1526 1387 sunt.
1563 1352 1823 1388 Rascolnicae
1851 1353 1980 1400 potius
2007 1352 2047 1387 in
2073 1363 2135 1388 ra-

1188 1402 1290 1439 biem
1317 1404 1409 1448 acti,
1428 1405 1467 1440 in
1486 1405 1641 1441 scelera
1660 1407 1985 1453 prorumpebant.
2005 1406 2134 1447 Quum

1187 1463 1382 1504 regnante
1411 1459 1530 1495 Petro
1558 1470 1720 1496 caesare
1748 1460 1785 1503 I,
1812 1460 1880 1498 300
1906 1471 2058 1504 eorum,
2085 1472 2134 1498 ne

1187 1512 1463 1559 comprehensi
1488 1513 1536 1549 ad
1555 1514 1766 1550 ecclesiam
1787 1515 2133 1561 compellerentur,

1187 1576 1274 1601 cum
1303 1566 1428 1609 aede,
1456 1567 1494 1602 in
1520 1578 1635 1615 quam
1664 1567 1947 1615 confugerant,
1975 1580 2018 1604 se
2045 1579 2134 1604 con-

1187 1625 1447 1664 cremassent,
1477 1622 1541 1658 ille
1568 1622 1616 1657 ab
1642 1621 1791 1658 eisdem
1810 1622 1999 1659 vexandis
2018 1623 2134 1659 absti-

1186 1672 1283 1707 nuit.
1312 1672 1378 1708 Isti
1405 1673 1644 1710 schismatici
1671 1675 1710 1709 in
1737 1675 1892 1712 Siberia
1924 1679 2040 1712 erant
2056 1676 2132 1713 fre-

1186 1725 1460 1771 quentissimi;
1489 1727 1629 1764 Cosaci
1656 1727 1704 1763 ad
1730 1727 1898 1764 Tanaim
1925 1728 2133 1772 sedentes,

1186 1777 1269 1812 fere
1304 1789 1442 1815 omnes
1468 1779 1517 1814 ad
1543 1791 1611 1815 eos
1639 1780 1921 1827 pertinebant;
1948 1781 2017 1817 sed
2045 1792 2132 1817 cum

1185 1831 1287 1877 apud
1315 1831 1402 1868 illos
1434 1844 1580 1880 magna
1598 1839 1702 1870 esset
1721 1834 1959 1881 ignorantia,
1980 1846 2133 1871 morum

1187 1883 1392 1921 barbaries
1419 1890 1459 1922 et
1476 1888 1715 1934 superstitio,
1737 1888 1848 1925 brevi
1867 1888 1905 1924 in
1924 1889 2056 1936 plures
2072 1899 2131 1926 se-

1185 1941 1270 1973 ctas
1298 1938 1490 1975 abierunt.

1231 1990 1333 2027 Idem
1356 1993 1577 2041 Imperator
1596 1995 1810 2032 Catholicis
1825 1995 1907 2032 sive
1923 1995 2034 2032 latini
2049 1996 2132 2033 sive

1184 2045 1322 2090 graeci
1351 2045 1449 2082 ritus
1476 2058 1523 2082 ac
1550 2049 1735 2084 Armenis
1754 2048 1792 2083 in
1812 2049 1928 2084 terris
1946 2051 2026 2085 suis
2041 2050 2131 2085 libe-

1185 2107 1271 2132 rum
1287 2098 1492 2145 religionis
1504 2111 1600 2136 suae
1616 2101 1863 2145 exercitium,
1874 2102 2049 2148 patribus
2060 2103 2134 2139 Ca-

1184 2150 1335 2195 pucinis
1361 2159 1401 2187 et
1435 2153 1586 2189 Iesuitis
1612 2154 1650 2189 in
1678 2154 1842 2201 imperio
1869 2155 2016 2201 degere
2034 2183 2042 2199 ‚
2070 2166 2131 2192 ec-

1183 2201 1325 2239 clesias
1358 2203 1567 2241 aedificare
1586 2235 1594 2250 ,
1626 2207 1871 2243 iuventutem
1904 2208 2129 2251 instruere,

1184 2257 1394 2300 concessit,
1415 2262 1455 2293 et
1472 2269 1764 2307 nonnumquam
1782 2259 1935 2295 unionis
1952 2271 2036 2296 cum
2054 2260 2129 2296 Ro·

1183 2317 1300 2343 mana
1329 2310 1509 2346 Ecclesia
1535 2311 1771 2348 desiderium
1799 2312 2037 2358 significavit
2055 2315 2080 2346 1.

1230 2361 1485 2410 Metropolita
1511 2365 1748 2408 Kioviensis‚
1775 2366 1933 2412 eiusque
1953 2365 2128 2413 episcopi

1182 2424 1270 2449 cum
1299 2415 1406 2452 clero
1433 2418 1650 2465 populoque
1670 2419 1706 2453 in
1728 2418 1825 2454 inita
1842 2429 1906 2453 an.
1931 2418 2022 2455 1595
2038 2429 2128 2454 cum

1181 2467 1363 2505 Ecclesia
1388 2470 1778 2507 Romano-catholica
1802 2472 1944 2508 unione
1961 2474 1976 2495 ²
1998 2482 2129 2519 perse·

1180 2525 1593 2569 verarunt.An.1720‚
1610 2525 1828 2572 postulante
1845 2526 1975 2561 Leone
1985 2525 2128 2569 Kiska,

1180 2575 1477 2625 archiepiscopo
1504 2579 1706 2614 Kioviensi
1725 2582 1765 2614 et
1782 2579 2027 2614 Graecorum
2045 2579 2128 2614 uni-

1182 2631 1310 2664 torum
1345 2631 1463 2667 totius
1497 2631 1662 2667 Russiae
1690 2632 1966 2678 metropolita,
1995 2636 2035 2668 et
2060 2643 2126 2668 an-

1181 2686 1325 2719 nuente
1341 2684 1545 2721 Clemente
1562 2685 2123 2732 XI,HieronymusGrimaldi,

1179 2735 1499 2784 archiepiscopus
1537 2738 1761 2774 Edessenus
1801 2743 1840 2774 et
1873 2739 2126 2786 Apostolicae

1179 2788 1292 2825 Sedis
1317 2790 1355 2825 in
1384 2790 1549 2826 Polonia
1572 2791 1741 2837 legatus,
1759 2792 1952 2828 Zamoscii
1973 2792 2009 2827 in
2028 2793 2126 2829 Rus-

1178 2842 1385 2879 sia-rubra
1425 2843 1615 2890 synodum
1655 2844 2125 2882 Graecorum—unitorum

1178 2896 1327 2942 coegit,
1360 2895 1419 2931 cui
1447 2901 1608 2942 praeter
1635 2896 1823 2943 legatum,
1850 2898 1987 2946 synodi
2014 2909 2126 2946 prae-

1222 3005 1233 3026 1
1260 3007 1296 3037 Α.
1332 3005 1369 3036 de
1402 3006 1587 3047 Mnycrberg
1608 3032 1615 3045 ‚
1645 3008 1713 3040 Iler
1737 3008 1773 3040 in
1805 3008 2124 3044 Moscoviam'auno

1182 3048 1277 3088 1661,
1309 3050 1434 3089 in-fol.;
1456 3052 1604 3092 ilergius,
1626 3053 1836 3086 Exercitatio
1855 3055 2123 3089 historico-theo-

1176 3097 1283 3136 logica
1300 3095 1338 3127 de
1354 3098 1448 3128 statu
1464 3098 1624 3130 ecclesiae
1639 3103 1670 3131 et
1685 3101 1859 3140 religionis
1876 3100 2119 3134 Moscoviticae.

1175 3140 1577 3188 'ilicium'Vicissitudes
1603 3143 1641 3176 de
1667 3146 1814 3188 l'Engise
1840 3147 1932 3179 cath.
1959 3156 2000 3180 en
2028 3149 2122 3182 Polo-

1174 3196 1238 3229 ,qne
1265 3189 1296 3219 et
1322 3196 1363 3218 en
1391 3188 1521 3220 Russie.

1218 3232 1231 3253 ‘2
1256 3232 1296 3265 cf
1318 3242 1349 3275 p.
1369 3233 1445 3266 187.
