2241 3473
660 214 798 244 VSQVE
822 215 874 242 AD
896 214 1180 243 PRAESENTEM
1205 215 1411 243 ΑΕΤΑΤΕΜ

66 283 158 321 dere
186 287 409 331 potuerunt.
438 285 495 321 Ita
523 286 685 323 missilia
715 287 919 327 Cadornae
951 287 1007 323 fa-

65 337 223 384 stigium
259 337 410 373 Romae
445 339 715 387 imposuerunt
747 341 881 388 operi,
908 339 1006 387 quod

65 390 276 427 Cialdinius
306 392 485 427 terrestri
512 398 551 428 et
570 395 699 429 navali
723 405 851 440 pugna
869 394 916 429 ad
937 395 1008 429 Ca-

65 442 402 486 strumfidardum,
425 450 540 493 atque
561 447 746 483 Anconae
766 447 913 482 orditus
932 450 1004 490 est,

64 496 240 544 quodque
266 497 511 544 plebiscitum
532 501 710 543 absolvit,
729 502 853 537 solitis
879 501 1007 536 coniu-

66 554 243 586 ratorum
272 552 422 588 artibus
448 560 734 601 comparatum.

110 603 225 639 Tanti
255 605 457 646 facinoris,
477 607 576 653 quod
604 619 718 643 omne
745 608 802 643 ius
830 608 1004 653 gentium

69 668 210 705 susque
239 657 361 704 deque
383 660 517 703 vertit,
536 661 663 697 nullus
690 661 869 708 Europae
897 661 1007 696 Prin-

67 710 195 757 cipum
223 716 262 747 et
287 712 541 754 Gubernium,
569 714 599 749 si
629 715 777 750 Daniae
801 725 950 761 regem,
970 726 1007 750 c-

70 764 204 812 iusque
235 777 417 812 sponsam
445 767 622 814 reginam
643 769 840 815 excipias,
870 769 931 815 qui
960 769 1006 804 ad

67 817 297 855 Pontificem
319 820 523 856 Summum
540 822 677 858 literas
696 823 888 858 miserunt
906 833 1007 857 com-

66 871 330 908 miserationis
351 902 359 915 ,
392 880 626 921 conquestus
659 880 719 911 est
753 875 855 922 apud
882 875 1005 911 subal-

69 925 200 972 pinum
240 926 497 962 Gubernium.
540 929 628 965 Una
669 929 925 964 sollummodo
958 940 1006 964 ex

67 978 239 1014 tribubus
258 980 578 1026 septentrionalis
601 982 811 1018 Americae
848 981 879 1025 (ι’
910 982 1007 1018 Cno-

65 1030 102 1066 ri
127 1030 170 1066 dt?
195 1031 361 1075 Lesina)
388 1034 575 1081 scriptam
613 1034 732 1070 edidit
759 1035 1007 1071 reclamatio-

67 1095 154 1120 nem
189 1090 327 1121 eontra
353 1086 452 1122 lianc
479 1088 769 1134 apertissimam
796 1088 921 1124 omnis
957 1089 1007 1123 iu-

65 1137 194 1174 stitiae
231 1139 483 1176 violationem
503 1169 510 1183 ,
552 1144 592 1176 et
635 1141 799 1188 quinque
843 1146 1009 1177 centena

66 1191 187 1228 millia
220 1193 441 1229 libellarum
476 1193 546 1229 Pio
577 1194 648 1242 Pp.
680 1195 733 1230 IX
764 1195 903 1231 obtulit
937 1206 1007 1242 pro

66 1246 166 1293 stipe
194 1246 396 1283 Petriana.
417 1249 470 1283 At
487 1248 643 1284 silentio
673 1249 774 1284 haud
802 1249 1008 1296 praeteriit

66 1299 235 1337 immane
262 1301 389 1337 scelus
414 1301 598 1337 Pontifex
616 1302 771 1349 indigne
803 1303 1003 1350 spoliatus.

67 1357 214 1394 Eadem
245 1358 306 1394 die
338 1356 382 1394 20
398 1356 647 1404 septembris,
669 1368 740 1404 per
775 1369 888 1393 suum
916 1358 1008 1394 Car-

65 1411 233 1448 dinalem
263 1412 424 1458 publicis
450 1412 619 1458 negotiis
647 1411 927 1459 praepositum,
963 1411 1009 1447 ad

65 1476 203 1502 omnes
229 1466 423 1503 Oratores
444 1496 451 1508 ,
479 1465 739 1501 Administros
761 1470 801 1502 et
826 1465 1010 1512 Negotio-

67 1530 153 1555 rum
193 1523 370 1566 gestores
407 1524 634 1556 exterarum
674 1519 874 1554 nationum
908 1519 1010 1565 apud

66 1573 164 1608 Eum
184 1579 223 1610 et
241 1574 427 1610 Sanctam
447 1573 588 1609 Sedem
614 1577 904 1608 commorantes
926 1584 1010 1619 pro-

66 1627 316 1664 testationem
348 1626 467 1670 dedit,
487 1638 561 1674 qua
593 1626 754 1668 nullam,
786 1626 942 1661 irritam
969 1630 1009 1662 et

65 1690 218 1716 cassam
262 1679 482 1716 declaravit
527 1679 820 1715 ecclesiastieae
858 1678 1010 1714 ditionis

65 1733 374 1780 usurpationem,
392 1744 556 1779 eamque
572 1733 719 1767 nullum
729 1731 1010 1768 detrimentum

66 1787 210 1822 afferre
237 1786 340 1828 Suis,
368 1797 413 1821 ac
440 1797 598 1821 suorum
618 1786 901 1820 Successorum
921 1785 1010 1820 iuri-

67 1840 150 1883 bus,
173 1839 428 1886 possessionis
461 1843 500 1875 et
534 1839 698 1884 imperii.
735 1838 830 1874 Post
866 1849 1011 1885 paucos

64 1892 161 1935 dies,
189 1894 248 1928 111⁰
275 1892 461 1929 calendas
488 1892 684 1934 octobris,
710 1892 884 1927 Litteras
911 1891 1011 1926 Pon-

66 1947 160 1982 tifex
187 1946 345 1993 scripsit
371 1946 643 1983 Cardinalibus
678 1948 838 1981 sanctae
871 1946 1012 1980 Roma-

66 2010 141 2036 nae
182 1999 415 2040 Ecelesiae,
442 2004 483 2034 ut
521 2010 590 2046 per
620 1998 706 2033 illas
735 1998 920 2034 universo
953 2009 1014 2033 ca-

65 2053 205 2089 tholico
233 2053 316 2088 orbi
344 2053 623 2095 innotesceret,
646 2052 853 2088 Pastorem
873 2053 910 2087 in
931 2052 1013 2088 uni-

63 2117 181 2142 versa
195 2106 310 2141 domo
330 2107 449 2142 Israel
465 2106 647 2142 libertate
663 2105 731 2141 illa
746 2117 899 2149 carere,
912 2116 1011 2152 quae

66 2159 113 2195 ad
148 2159 363 2206 regendam
391 2159 610 2195 Ecclesiam
637 2159 738 2202 Dei,
764 2161 923 2205 eiusque
952 2169 1014 2194 ra-

67 2213 193 2249 tiones
209 2213 402 2249 curandas
417 2213 575 2248 omnino
588 2213 814 2249 necessaria
825 2212 1012 2253 est.Quae

66 2267 144 2302 iam
168 2267 318 2304 Romae
336 2271 376 2304 et
393 2267 432 2302 in
451 2267 595 2303 ceteris
614 2266 835 2314 pontificiae
855 2266 1013 2302 ditionis

67 2321 162 2357 locis
189 2326 301 2368 gesta
327 2326 463 2366 erant,
488 2332 535 2357 ac
562 2332 609 2357 ea
635 2321 754 2357 etiam
781 2331 880 2368 quae
908 2320 1014 2356 dete—

68 2376 175 2411 riora
202 2375 462 2412 imminebant
487 2376 670 2412 Summus
698 2374 880 2411 Pontifex
909 2374 1015 2410 dete—

69 2433 194 2464 status
225 2433 284 2465 est
315 2440 360 2465 ac
393 2429 630 2476 reprobavit.
659 2431 700 2465 In
721 2429 896 2476 Epistola
926 2439 1013 2475 quo-

68 2494 142 2530 quo
170 2484 379 2532 Encyclica
406 2483 578 2520 calendis
592 2483 816 2519 novembris
839 2482 1011 2519 eiusdem

73 2536 179 2579 anni,
206 2548 304 2584 quae
333 2537 481 2584 incipit:
509 2536 774 2584 Respicientes
801 2547 848 2572 ca
866 2534 1012 2577 omnia,

67 2591 291 2626 summatim
319 2595 512 2627 memorat
539 2601 635 2637 quae
663 2590 906 2637 subalpinum
939 2589 1013 2624 Gu-

68 2644 243 2680 bernium
278 2644 452 2691 pluribus
477 2645 526 2680 ab
553 2644 664 2680 annis
692 2648 872 2690 gesserat
900 2643 947 2678 ad
975 2654 1012 2678 e-

69 2697 302 2734 vertendum
330 2698 486 2734 civilem
519 2697 787 2744 Principatum
821 2696 1011 2742 singulari

69 2752 140 2788 Dei
172 2751 418 2799 providentia
451 2751 702 2797 Apostolicae
736 2750 825 2786 Sedi
852 2761 1010 2786 conces-

67 2816 177 2848 sum;
212 2804 401 2851 quomodo
434 2805 583 2841 Urbem
611 2805 735 2850 ipsam
762 2814 1011 2850 expugnave—

69 2863 157 2901 rat;
185 2869 232 2894 ea
249 2857 413 2904 denique
432 2869 531 2904 quae
554 2858 654 2892 hanc
681 2857 1011 2904 expugnationem

67 2915 279 2948 consecuta
305 2912 475 2953 fuerant,
504 2922 580 2946 non
600 2911 683 2947 sine
701 2911 803 2946 iusta
819 2911 1008 2946 bonorum

67 2965 240 3000 omnium
268 2964 547 3010 indignatione.
571 2978 590 2997 «
608 2965 780 3003 Naboch‚
807 2964 898 2999 Pius
916 2963 1010 2999 scri-

67 3018 134 3061 bit,
162 3018 254 3053 ciCes
279 3028 372 3052 suas
398 3017 455 3052 rel
477 3017 641 3065 proprio
661 3029 802 3053 cruore
820 3016 1008 3062 defendit.

68 3072 171 3107 Num
188 3075 414 3118 poteramus
423 3070 519 3112 Nos,
533 3070 712 3117 quidquid
728 3070 881 3106 tandem
896 3081 1012 3106 even-

71 3130 198 3160 turum
215 3128 320 3160 esset
334 3123 468 3165 Nobis,
486 3135 560 3158 non
573 3125 658 3158 iura
672 3124 1009 3170 possessionesque

69 3178 238 3213 Sanctae
255 3177 457 3212 Romanae
476 3176 677 3212 Ecclesiae
693 3176 919 3219 defendere,
931 3177 1009 3222 qui-

70 3230 138 3266 bus
163 3229 380 3269 servandis,
401 3234 585 3276 quantum
613 3230 649 3264 in
676 3229 797 3265 Nobis
816 3235 889 3272 est,
910 3229 1009 3265 sole-

70 3283 170 3319 mnis
188 3282 439 3319 iurisiurandi
456 3283 540 3318 Nos
558 3283 836 3319 obstrinximus
853 3283 1006 3331 religio-

1872 201 1949 242 383

1059 291 1137 323 ne?
1172 288 1233 324 vel
1260 297 1335 322 non
1363 286 1585 322 libertatem
1613 284 1863 331 Apostolieae
1889 283 2002 320 Sedis

1058 351 1144 376 eum
1173 341 1353 377 libertate
1378 344 1493 387 atque
1513 339 1680 375 utilitate
1700 338 1901 374 Ecclesiae
1920 338 2001 374 uni-

1060 405 1200 430 versae
1227 393 1323 429 adeo
1350 393 1595 428 coniunctam
1615 391 1814 428 vindicare
1828 395 1844 425 ¹?
1860 404 1879 426 2)
1899 391 2001 432 Quo-

1060 447 1164 483 niam
1193 458 1287 483 vero
1314 447 1478 488 monita,
1506 445 1838 492 expostulationes
1857 449 1896 481 et
1916 455 2000 492 pro-

1061 500 1292 537 testationes
1319 500 1412 535 Eius
1439 500 1476 534 in
1505 499 1656 534 irritum
1677 502 1906 542 cesserunt,
1934 509 2003 545 per

1060 565 1196 590 omncs
1229 554 1442 599 Episcopos
1473 552 1682 588 universae
1710 552 1912 588 Ecclesiae
1939 551 2002 588 de-

1060 608 1187 642 clarat
1200 607 1389 642 maiorem
1410 605 1871 648 excommunicationem,
1889 605 2001 641 alias-

1059 671 1132 707 que
1147 670 1336 695 censuras
1351 663 1390 694 et
1407 669 1552 705 poenas
1567 657 1857 694 ecclesiasticas
1877 658 2002 694 incur-

1061 713 1156 749 risse
1175 717 1333 748 actores
1358 716 1398 748 et
1422 715 1625 748 consortes
1652 712 1748 747 tanti
1775 711 1952 748 sceleris.

1105 766 1163 803 78.
1191 766 1374 801 Statntas
1401 778 1426 801 (ι
1454 765 1650 801 Gzcbernio
1677 765 1826 800 Romae
1855 765 2004 801 sedenti

1059 819 1270 857 cautiones,
1287 819 1398 866 cnlgyo
1421 819 1680 866 guarentigie,
1699 818 1891 863 Pontifeae
1910 817 2001 854 reii-

1059 874 1123 910 cit,
1148 884 1197 907 ccc
1223 883 1330 908 siccam
1351 872 1573 919 empostnlcct
1591 871 1999 919 principatum—Vix

1060 925 1134 961 duo
1161 926 1251 961 anni
1279 926 1589 962 intercesserant
1614 936 1638 961 a
1664 924 1825 961 decreta
1843 925 2002 961 infanda

1061 979 1147 1025 lege
1175 979 1221 1015 de
1249 979 1403 1015 clericis
1430 979 1467 1014 in
1499 978 1677 1014 militiam
1709 978 2004 1020 adscribendis,

1060 1043 1175 1078 quam
1196 1032 1288 1068 Pius
1307 1033 1361 1068 IX
1381 1032 1665 1079 reprobaverat
1683 1036 1723 1068 et
1746 1032 2007 1068 damnaverat

1062 1085 1116 1121 uti
1137 1085 1308 1122 libertati
1328 1096 1374 1121 ac
1395 1085 1628 1121 immunitati
1648 1085 1851 1121 Ecclesiae
1867 1084 2006 1121 adver-

1060 1149 1142 1174 sam
1162 1141 1188 1182 1,
1208 1150 1294 1174 cum
1323 1139 1479 1186 publica
1506 1138 1691 1174 Italorum
1718 1138 1905 1181 Consilia,
1925 1150 2007 1186 spe-

1062 1191 1120 1227 cie
1157 1193 1391 1229 muniendae
1419 1203 1558 1228 sacrae
1591 1191 1795 1240 potestatis
1822 1195 1862 1228 et
1895 1192 2008 1228 liber-

1064 1245 1153 1280 tatis
1180 1246 1350 1282 Romani
1371 1245 1586 1289 Pontificis,
1606 1256 1719 1293 quem
1741 1245 1843 1281 civili
1868 1246 2008 1292 spolia-

1062 1304 1203 1336 verant
1230 1300 1479 1347 Principatu‚
1500 1301 1629 1348 legem
1656 1305 1873 1338 sanxerunt
1888 1302 2006 1349 vulgo

1061 1351 1204 1389 dictam
1231 1356 1333 1392 delle
1358 1357 1616 1404 yzcar’entigyie,
1640 1367 1715 1405 qua
1731 1356 1903 1392 futilibus
1930 1356 2009 1404 qui—

1063 1405 1222 1444 busdam
1250 1411 1580 1456 immunitatibus,
1611 1411 1829 1459 privilegiis
1856 1416 1896 1448 et
1922 1422 2009 1446 cau-

1062 1459 1228 1500 tionibus
1255 1465 1490 1502 Pontificem
1523 1467 1726 1502 Summum
1759 1465 1859 1501 tueri
1893 1476 2005 1511 prae·

1061 1517 1256 1555 texebant.
1292 1520 1473 1566 Exempli
1508 1530 1653 1562 causa,
1694 1519 1910 1555 istiusmodi
1942 1519 2005 1555 lex

1060 1582 1213 1608 sacram
1242 1585 1288 1609 ac
1309 1574 1573 1610 inviolabilem
1593 1574 1815 1610 Personam
1835 1573 2004 1609 Romani

1063 1625 1262 1663 Pontificis
1281 1656 1289 1670 ‚
1317 1629 1429 1675 eique
1458 1628 1591 1675 regios
1623 1628 1793 1664 honores
1823 1627 2009 1664 decerne-

1062 1679 1145 1724 bat;
1165 1682 1365 1717 statuebat
1392 1683 1429 1717 ei
1455 1682 1502 1718 de
1530 1681 1682 1729 publico
1701 1681 1757 1717 uti
1773 1681 2006 1727 stipendium

1064 1733 1196 1769 tricies
1212 1739 1380 1771 centena
1400 1735 1536 1778 millia,
1556 1740 1671 1782 atque
1688 1735 1854 1771 ducenta
1868 1734 2006 1782 viginti

1063 1787 1230 1834 quinque
1264 1788 1386 1824 millia
1417 1789 1659 1832 libellarum‚
1691 1788 2008 1835 Apostolicarum

1065 1840 1222 1876 AEdium
1255 1843 1543 1878 Vaticanarum
1578 1847 1617 1878 et
1655 1842 2008 1886 Lateranensium,

1063 1898 1179 1940 atque
1209 1906 1274 1930 rus
1303 1897 1416 1931 Arcis
1443 1896 1661 1942 Gandulphi
1681 1896 1718 1931 in
1742 1907 1856 1931 usum
1877 1895 2009 1942 Papae

1066 1947 1331 1994 relinquebat3
1353 1949 1518 1986 liberum
1546 1949 1630 1985 fore
1657 1949 1868 1992 Conclave,
1893 1961 2009 1996 quum

1066 2000 1250 2037 Pontifex
1276 2002 1483 2048 eligendus
1510 2007 1616 2039 esset
1635 2031 1643 2046 ,
1676 2003 1839 2039 liberum
1875 2003 2010 2040 Conci-

1064 2053 1156 2090 lium
1181 2056 1480 2092 oecumenicum
1500 2056 1734 2102 spondebat;
1753 2056 1872 2091 immo
1890 2056 2010 2091 omni-

1065 2109 1220 2145 modam
1240 2109 1438 2144 fatebatur
1459 2109 1495 2144 in
1516 2109 1707 2144 Pontifice
1728 2109 1948 2145 libertatem
1969 2109 2008 2144 in

1063 2173 1133 2198 usu
1161 2162 1377 2208 spiritualis
1403 2173 1498 2198 suae
1527 2163 1744 2209 potestatis,
1772 2163 1809 2197 in
1838 2163 2009 2209 promul-

1064 2216 1222 2262 gatione
1262 2220 1418 2252 actuum
1459 2216 1747 2262 pontificiorum
1786 2215 1835 2251 ad
1872 2216 2008 2251 valvas

1065 2269 1327 2306 Basilicarum
1343 2270 1586 2317 aliarumque
1602 2281 1855 2305 romanarum
1875 2270 2009 2306 Eccle-

1063 2323 1237 2368 siarum‚
1265 2324 1304 2359 in
1337 2324 1519 2360 creandis
1553 2324 1756 2371 Episcopis
1786 2323 1903 2359 etiam
1938 2335 2007 2370 pro

1063 2377 1197 2414 Italiae
1234 2378 1388 2414 sedibus
1410 2407 1418 2422 ‚
1457 2378 1669 2426 iisdemque
1710 2390 1778 2426 per
1817 2379 2004 2425 epistolas

1065 2432 1416 2476 communicando;
1442 2437 1482 2468 et
1508 2433 1611 2479 ipsos
1638 2433 1851 2479 Episcopos
1877 2433 2006 2469 debito

1064 2484 1241 2521 solvebat
1267 2486 1420 2522 iurandi
1446 2486 1643 2522 Gubernio
1668 2488 1695 2518 2.
1715 2486 1864 2522 Verum
1891 2498 2004 2523 even-

1066 2539 1127 2573 tus
1153 2539 1216 2586 qui
1242 2540 1355 2576 huius
1381 2540 1479 2586 legis
1510 2538 1866 2585 promulgationem
1896 2551 2007 2586 prae-

1065 2597 1280 2637 cesserant,
1307 2594 1446 2641 quique
1475 2594 1577 2628 illam
1606 2593 1757 2640 sequuti
1785 2597 1889 2636 sunt,
1908 2594 2003 2631 satis

1063 2657 1256 2694 superque
1280 2647 1548 2690 ostenderunt,
1568 2646 1615 2682 ad
1639 2646 1770 2682 fucum
1798 2647 2001 2684 catholicis

1064 2700 1302 2743 faciendum,
1323 2704 1367 2736 et·
1387 2701 1435 2736 ad
1461 2712 1598 2736 eorum
1626 2700 1846 2736 anxietates
1864 2701 2003 2737 sedan-

1064 2753 1132 2790 das
1150 2755 1270 2790 fuisse
1290 2755 1505 2798 inventam,
1521 2755 1679 2789 Summo
1700 2753 1889 2790 Pontifice
1908 2766 2006 2790 sem-

1067 2820 1134 2855 per
1160 2814 1343 2845 manente
1369 2809 1439 2844 sub
1467 2807 1595 2844 hostili
1619 2808 1898 2844 dominatione.
1920 2810 2005 2845 Hoc

1064 2863 1276 2899 innuebant
1302 2863 1476 2898 Litterae
1502 2862 1586 2898 eius
1606 2862 1839 2910 Encyclicae
1860 2862 1906 2897 ad
1925 2874 2006 2898 om--

1109 3013 1175 3046 le
1202 3013 1356 3045 Littcram
1385 3012 1415 3043 iu
1442 3011 1541 3043 forma
1563 3012 1674 3043 Brevis
1702 3012 1858 3054 Episcopo
1887 3012 2004 3045 Montis

1064 3059 1191 3098 Regalis
1210 3059 1332 3090 missam
1350 3057 1400 3088 die
1420 3056 1460 3087 25
1480 3057 1581 3088 martii
1605 3055 1747 3095 1869,et
1766 3057 2002 3090 Allocutionem

1066 3105 1202 3136 habitam
1220 3104 1249 3136 in
1269 3102 1468 3135 Consistorio
1488 3107 1611 3135 secreto
1628 3102 1677 3134 die
1695 3104 1736 3135 25
1758 3104 1836 3135 iunii
1861 3103 2001 3135 eiusdem

1063 3152 1160 3186 anni,
1179 3151 1209 3180 in
1232 3150 1360 3190 Eplirm.
1381 3147 1423 3180 La
1436 3149 1575 3181 Scienza
1595 3157 1610 3180 e
1633 3148 1664 3180 la
1676 3148 1774 3188 Fede,
1793 3149 2001 3188 vol.1.xxi11‚

1062 3204 1114 3237 pp.
1134 3195 1197 3226 256
1217 3199 1247 3226 et
1263 3194 1341 3226 494.

1106 3243 1119 3263 ‘2
1137 3241 1238 3272 Huius
1258 3241 1337 3281 legis
1355 3241 1519 3282 exemplar
1548 3239 1694 3272 referunt
1727 3240 1840 3274 citatae
1867 3240 1996 3283 Epliein.

1063 3288 1126 3320 vol.
1147 3295 1267 3324 cxxxi,
1287 3297 1317 3328 p.
1337 3286 1415 3318 326.
