2241 3473
554 159 680 191 VSQVR
706 159 760 187 AD
788 158 1095 188 CONVERSIONEM
1123 157 1389 188 CONSTANTINI
1416 158 1458 186 M.

29 226 153 266 blicae
177 224 410 263 detrimento
440 222 617 261 futurum
631 252 641 268 ,
663 222 764 260 solos
785 222 984 271 praesules

29 291 97 318 seu
126 277 379 316 ecclesiarum
408 276 537 324 capita
568 276 650 313 neci
678 275 762 312 dari
782 275 920 320 iussit,
941 278 985 312 ut

30 331 85 370 sic
109 340 323 380 paucorum
351 329 504 366 excidio
529 332 612 366 tota
630 326 804 366 Ecclesia
823 338 986 364 corrue-

32 385 121 428 ret,
149 382 473 432 quemadmodum
506 379 701 419 convulsis
722 378 986 418 fundamentis

36 436 264 474 universum
285 434 494 472 collabitur
512 432 730 470 aedificium
749 430 771 469 ¹.

84 488 151 526 54.
165 488 226 526 Ss.
240 487 697 530 Pontianus,Anterus,
711 485 865 533 aliique
880 495 988 521 mar-

34 546 143 589 tyres
161 541 284 577 —Ab
313 541 394 588 ipso
424 538 620 577 Ecclesiae
650 537 778 585 capite
800 549 984 585 persecu-

36 593 92 632 tio
106 593 261 630 initium
280 592 456 640 sumpsit.
472 591 510 628 S.
528 589 746 627 Pontianus
767 590 837 638 Pp.
855 590 903 626 ad
921 602 985 626 ne-

36 657 122 684 cem
144 657 267 694 usque
288 645 453 682 fustibus
472 654 608 680 caesus
627 645 686 679 est
705 652 806 679 anno
827 641 982 690 pontifi-

35 701 147 737 catus
166 698 223 736 sui
242 698 295 736 IV
318 696 440 747 (235).
461 695 498 732 S.
520 697 703 739 Anterus,
725 694 811 731 eius
832 705 982 731 succes-

32 762 108 798 sor,
136 751 202 788 vix
223 762 356 788 mense
375 749 413 786 in
435 759 588 785 summo
603 746 834 795 pontificatu
856 747 983 795 exple-

32 806 86 850 to,
106 807 260 852 martyr
281 800 461 839 occubuit
476 798 502 837 ².
520 798 637 836 Brevi
660 801 744 847 post
764 799 982 847 persecutio

33 857 82 894 ab
110 855 328 893 antistitum
357 864 446 890 nece
475 855 625 900 coepta,
655 851 693 887 in
723 851 953 889 clericorum
971 881 980 897 ‚

32 911 354 954 caeterorumque
367 905 676 943 Christianorum
698 905 858 941 caedem
879 915 978 941 eva-

32 961 84 999 sit
101 974 111 1006 ;
129 959 187 998 uti
207 959 245 996 in
266 957 512 1007 Cappadocia
532 957 603 994 sub
623 956 840 994 Sereniano
861 967 979 1005 prae-

33 1013 114 1051 side
133 1011 354 1060 contigisse,
375 1011 532 1048 constat
551 1021 571 1046 e
590 1009 812 1046 Firmiliani
832 1009 977 1046 Caesa-

33 1077 124 1104 reae
145 1064 314 1113 episcopi
332 1062 499 1112 epistola
519 1062 568 1099 ad
588 1074 617 1099 s.
634 1061 877 1110 Cyprianum
888 1059 982 1099 3.In-

33 1121 96 1156 ter
119 1117 216 1156 alios
237 1116 380 1166 plures,
401 1127 564 1164 quorum
585 1115 742 1151 nomina
762 1119 801 1152 et
822 1117 910 1152 acta
931 1114 979 1151 ad

35 1182 105 1208 nos
125 1182 200 1208 non
220 1170 497 1218 pervenerunt,
513 1167 767 1206 Nicomediae
783 1169 869 1216 post
888 1178 980 1203 car-

35 1223 134 1262 ceris
172 1222 358 1260 duritiem
396 1221 584 1269 variaque
618 1222 817 1257 tormenta
850 1219 980 1268 gladio

33 1275 270 1324 martyrium
286 1274 574 1312 consummavit
589 1284 619 1311 s.
636 1273 814 1310 Barbara
830 1272 940 1320 virgo
952 1270 980 1309 4.

88 1328 214 1367 Huius
243 1326 526 1376 persecutionis
556 1337 674 1363 causa
694 1325 884 1373 Origenes
905 1324 982 1362 exi-

34 1380 159 1419 mium
178 1380 319 1418 librum
340 1379 493 1428 scripsit
507 1379 554 1416 de
575 1378 780 1427 martyrio,
793 1389 870 1426 quo
879 1377 981 1415 Chri-

35 1434 183 1472 stianos
202 1433 249 1470 ad
270 1432 501 1482 patientiam
522 1443 567 1469 ac
582 1430 841 1469 constantiam
857 1431 897 1467 in
911 1430 981 1467 Fi-

37 1486 83 1525 de
103 1486 280 1524 hortatus
300 1488 359 1523 est
373 1484 399 1523 ⁵.

88 1539 186 1577 Post
196 1539 375 1576 acerbam
392 1538 493 1575 hanc
508 1538 781 1586 tempestatem
797 1535 982 1584 providus

35 1592 140 1630 Deus
170 1603 329 1629 rursum
369 1590 608 1629 sereniorem
641 1589 742 1626 diem
781 1589 983 1626 Ecclesiae

35 1644 214 1682 reddidit.
236 1643 322 1682 Afri
342 1643 480 1693 iugum
500 1642 607 1680 saevi
622 1641 830 1680 Maximini
847 1652 984 1678 excus-

35 1699 184 1743 serunt,
203 1698 243 1734 et
263 1698 471 1744 utrumque
491 1695 732 1732 Gordianum
745 1724 753 1739 ,
773 1696 925 1743 patrem
945 1695 985 1730 et

34 1749 160 1787 filium
174 1778 185 1794 ,
204 1749 464 1798 imperatores
485 1747 718 1786 salutarunt.
740 1746 984 1784 Maximinus

34 1805 129 1839 tunc
147 1801 293 1839 bellum
316 1801 509 1838 inserebat
527 1800 730 1838 Sarmatis.
752 1799 918 1836 Senatus
939 1811 984 1835 e-

35 1854 133 1892 tiam
161 1854 356 1903 tyrannici
383 1853 538 1902 imperii
565 1855 776 1901 pertaesus,
797 1851 985 1889 Afrorum

36 1906 217 1956 exemplo
239 1918 262 1944 a
276 1906 493 1944 Maximino
509 1905 665 1951 defecit,
681 1907 720 1941 et
735 1905 870 1942 ambos
886 1904 986 1941 Gor-

37 1959 171 1997 dianos
187 1961 375 2008 augustos
391 1957 649 1996 renunciavit.
662 1957 734 1995 His
745 1959 830 2005 post
841 1967 986 1993 annum

37 2011 233 2055 extinctis,
255 2011 512 2060 imperatores
531 2010 694 2048 salutati
718 2011 812 2047 sunt
836 2009 986 2057 Pupie-

37 2076 125 2111 nus,
153 2064 341 2102 Balbinus
360 2067 400 2101 et
429 2063 647 2101 Gordianus
666 2061 831 2100 iuvenis.
853 2061 986 2099 Maxi-

38 2117 168 2155 minus
196 2116 327 2154 furore
357 2116 542 2165 percitus,
570 2116 739 2153 Romam
765 2125 902 2152 versus
922 2125 986 2150 co-

39 2170 123 2219 pias
141 2169 277 2216 duxit3
296 2170 363 2207 sed
383 2170 423 2206 in
444 2168 648 2216 Aquileiae
668 2167 865 2205 obsidione
882 2178 905 2204 a
919 2166 988 2203 mi-

37 2222 178 2260 litibus·
196 2223 456 2270 interemptus
485 2224 545 2259 est
563 2233 625 2258 an.
646 2221 735 2258 238.
758 2219 882 2257 Paulo
901 2222 988 2268 post

38 2274 213 2324 Pupieno
244 2277 284 2312 et
307 2274 472 2312 Balbino
493 2286 517 2311 a
546 2273 735 2311 militibus
755 2271 961 2309 trucidatis
979 2301 988 2318 ‚

39 2328 143 2366 solus
157 2327 366 2376 imperavit
381 2326 802 2375 Gordianus,princeps
822 2326 925 2362 bona
936 2324 990 2361 in-

39 2380 142 2426 dole,
169 2381 234 2428 qui
261 2379 435 2417 Misithei
455 2380 581 2416 soceri
601 2378 769 2416 consiliis
790 2389 894 2424 usus,
915 2389 988 2414 an-

41 2431 99 2469 nis
139 2444 208 2470 sex
250 2432 530 2482 rempublicam
571 2431 771 2481 sapienter
816 2430 988 2468 admini-

40 2485 188 2522 stravit.

94 2536 309 2574 Maximino
329 2538 501 2576 extincto
521 2536 697 2574 Ecclesia
713 2536 783 2573 sub
800 2535 988 2572 Gordiani

42 2589 262 2638 principatu
291 2601 425 2638 pacem
454 2589 635 2635 obtinuit,
664 2589 849 2636 nullaque
878 2587 986 2624 dein-

43 2653 132 2691 ceps
152 2642 420 2690 persecutione
440 2654 560 2692 usque
579 2642 628 2679 ad
648 2641 759 2679 Decii
778 2640 987 2689 imperium

41 2695 275 2743 perturbata
295 2696 364 2732 est.

93 2747 155 2784 55.
174 2747 482 2795 Martyrozoym
493 2769 541 2776 —
552 2749 610 2785 De
624 2759 654 2785 s.
671 2748 820 2785 Antero
837 2746 906 2795 Pp.
923 2745 988 2794 qui

40 2799 111 2837 sub
138 2799 354 2837 Maximino
399 2800 634 2849 imperatore
675 2801 829 2848 martyr
870 2810 988 2835 occu-

41 2912 110 2935 nem
133 2905 180 2935 vix
204 2906 294 2935 unico
318 2913 398 2934 anno
422 2905 560 2942 durasse,
576 2904 685 2943 probat
700 2905 734 2934 A.
750 2903 835 2942 Pagi,
855 2901 989 2934 critica

42 2945 82 2975 ad
104 2954 152 2976 an.
176 2945 237 2977 235
259 2950 289 2976 et
309 2945 378 2976 ⁵238.
402 2946 439 2975 Cl'
458 2946 598 2981 Ruinart,
621 2944 718 2975 Praef.
736 2944 775 2974 ad
793 2946 863 2975 Act.
879 2943 988 2974 Mart.

42 2994 73 3024 p.
89 2985 142 3023 11;
159 2986 273 3025 Palma,
289 2986 458 3017 Praelect.
475 2985 555 3016 hist.
572 2986 647 3017 eccl.
664 2989 682 3016 t.
698 2986 722 3024 Ι,
738 2994 765 3024 p.
783 2986 806 3024 l,
821 2994 845 3015 c.
864 2983 911 3014 ⁶24.

85 3026 94 3046 ¹
111 3027 230 3064 Euseb„
245 3027 264 3058 1.
281 3037 306 3058 c.

82 3065 98 3087 2
113 3067 296 3109 Martyrol.
314 3069 464 3099 Roman.
478 3066 516 3097 19
533 3075 600 3098 nov.
618 3070 648 3098 et
663 3067 681 3098 3
698 3067 758 3098 ian.

83 3106 98 3128 ³
112 3108 220 3147 Epist.
240 3109 277 3139 75
292 3110 372 3140 intel·
389 3108 555 3149 cyprian.

83 3146 98 3169 ⁴
112 3148 298 3190 Martyrol.
312 3151 460 3180 Roman.
476 3149 497 3179 4
513 3149 579 3179 dec.

84 3187 99 3210 ⁵
114 3190 233 3230 Enseu,
248 3191 339 3222 Hisc.
355 3191 428 3222 eccl.
445 3191 464 3221 l.
482 3191 527 3228 w,
545 3200 569 3220 c.
586 3189 635 3220 ⁶28.

1868 146 1920 185 57

1025 223 1121 269 buit,
1149 223 1311 269 dicitur,
1332 221 1434 271 quod
1454 221 1544 258 acta
1563 219 1784 268 martyrum
1801 247 1811 265 ‚
1832 230 1930 267 quae
1949 231 1973 257 a

1025 275 1185 314 notariis
1214 274 1341 324 excipi
1370 275 1410 312 et
1428 272 1582 322 scriptis
1601 271 1772 309 fideliter
1791 271 1971 309 mandari

1024 328 1194 366 iusserat
1213 339 1242 365 s.
1264 327 1455 372 Clemens,
1470 326 1519 363 ab
1538 324 1673 362 iisdem
1689 324 1896 373 diligenter
1909 335 1973 361 ex-

1025 381 1187 429 quisivit
1205 381 1243 417 in
1264 379 1464 417 Ecclesiae
1484 377 1726 416 tabularium
1747 377 1902 425 reponi,
1923 388 1972 414 ne

1024 433 1232 470 interirent
1259 435 1328 470 aut
1355 432 1404 469 ab
1434 430 1597 469 ethnicis
1617 431 1971 478 corrumperentur.

1025 487 1084 523 Ab
1105 485 1209 523 omni
1232 488 1335 522 retro
1356 484 1591 532 antiquitate
1604 481 1813 520 Christiani
1828 492 1971 530 magno

1025 538 1147 586 pretio
1169 538 1390 575 habuerunt
1414 541 1504 574 acta
1524 537 1764 583 martyrum,
1786 545 1912 583 eaque
1932 533 1972 571 in

1024 590 1280 627 conventibus
1300 589 1379 628 suis
1401 589 1531 637 legere
1547 589 1737 626 solebant.
1759 587 1868 625 Haec
1884 590 1973 625 acta

1024 643 1231 691 diligenter
1257 642 1540 689 conquirebant
1567 640 1788 688 litterisque
1808 640 1971 677 manda-

1024 696 1131 741 bant,
1153 695 1208 732 uti
1230 706 1280 732 ex
1302 694 1554 731 ecclesiarum
1574 692 1844 741 Smyrnensis,
1860 692 1972 740 Lug-

1024 747 1207 785 dunensis
1223 749 1263 784 et
1277 747 1509 784 Viennensis
1525 745 1699 793 epistolis
1714 747 1825 794 patet
1837 743 1862 782 ¹.
1879 745 1974 782 Sae-

1022 812 1069 849 pe
1095 812 1143 837 ea
1162 811 1231 848 per
1250 799 1430 836 custodes
1445 797 1696 834 archivorum
1716 797 1882 846 pecunia
1901 808 1972 834 ac-

1022 853 1240 901 quirebant.
1257 851 1548 898 Nonnunquam
1569 861 1657 886 cum
1677 849 1849 897 periculo
1866 849 1972 887 vitae

1020 905 1125 942 inter
1151 904 1317 953 gentiles
1346 902 1500 940 iudiciis
1520 905 1560 939 et
1579 902 1968 939 condemnationibus

1022 959 1245 1005 martyrum
1261 956 1482 1001 adstabant,
1503 956 1546 992 ut
1565 955 1704 991 horum
1724 957 1835 1003 gesta
1855 954 1968 991 colli-

1021 1011 1168 1058 gerent.
1199 1009 1381 1057 Singulas
1402 1007 1588 1045 ecclesias
1608 1007 1789 1044 habuisse
1810 1006 1969 1055 singula

1020 1061 1265 1109 kalendaria,
1290 1061 1429 1110 quibus
1449 1062 1646 1108 martyres
1675 1061 1766 1097 suos
1792 1059 1968 1097 celebra-

1021 1115 1128 1161 bant,
1139 1117 1310 1152 testatur
1324 1114 1558 1151 Sozomenus
1569 1111 1596 1150 ².
1613 1112 1743 1149 Etiam
1758 1123 1787 1149 s.
1806 1111 1971 1160 Cypria-

1020 1180 1104 1213 nus,
1117 1166 1440 1216 Carthaginensis
1455 1164 1783 1214 episcopus-,clero
1804 1176 1872 1201 suo
1889 1176 1971 1213 spe-

1021 1220 1154 1257 ciatim
1174 1220 1466 1257 commendasse
1485 1218 1642 1267 legitur,
1666 1220 1708 1254 ut
1724 1217 1868 1254 litteris
1884 1229 1969 1254 con-

1021 1273 1224 1322 signarent
1239 1272 1484 1321 dies,quibus
1499 1273 1698 1318 martyres
1713 1269 1814 1318 passi
1827 1272 1970 1315 essent,

1021 1326 1070 1363 ad
1104 1325 1357 1363 celebrandas
1385 1336 1523 1362 eorum
1544 1322 1933 1361 commemorationes
1944 1319 1971 1360 3.

1022 1378 1206 1416 Omnium
1221 1381 1352 1415 tamen
1368 1380 1591 1425 martyrum
1603 1378 1692 1413 acta
1702 1375 1764 1412 vel
1776 1375 1895 1413 etiam
1907 1386 1970 1412 no-

1023 1431 1130 1469 mina
1156 1430 1400 1468 conscribere
1421 1430 1523 1467 haud
1540 1428 1717 1478 possibile
1737 1427 1834 1474 fuit,
1854 1438 1973 1476 quum

1024 1496 1139 1533 saepe
1154 1483 1268 1521 multi
1288 1483 1372 1521 sine
1393 1482 1525 1520 iudicii
1542 1481 1691 1528 ordine,
1712 1480 1861 1518 indicta
1876 1492 1972 1518 cau-

1024 1549 1066 1574 sa
1085 1540 1124 1574 et
1143 1536 1424 1574 tumultuantis
1440 1535 1547 1584 vulgi
1567 1533 1803 1571 clamoribus
1819 1532 1973 1582 gratifi-

1025 1589 1138 1627 candi
1150 1590 1280 1627 studio
1292 1589 1496 1626 turmatim
1509 1587 1626 1625 morti
1639 1586 1780 1624 addicti
1794 1584 1973 1623 fuerint&

1026 1643 1106 1680 Ista
1142 1645 1275 1679 autem
1308 1641 1542 1679 kalendaria
1573 1639 1716 1689 partim
1754 1641 1975 1688 temporum

1025 1694 1169 1732 iniuria
1189 1694 1402 1743 perierunt,
1420 1694 1563 1742 partim
1579 1693 1627 1730 ab
1648 1691 1814 1730 ethnicis
1831 1692 1976 1728 destru-

1027 1749 1090 1784 cta
1101 1747 1393 1795 fuerunt,prout
1403 1746 1480 1784 illis
1489 1745 1744 1794 exprobravit
1752 1742 1977 1791 Arnobius⁵;

1027 1800 1152 1838 multa
1177 1799 1343 1837 flammis
1371 1800 1601 1847 consumpta
1619 1799 1715 1835 sunt
1733 1797 1773 1834 in
1794 1808 1977 1846 persecu-

1027 1853 1132 1890 tione
1169 1852 1423 1897 Diocletiani,
1460 1851 1538 1900 qui,
1575 1851 1620 1887 ut
1657 1861 1790 1887 omnes
1818 1850 1976 1894 norunt,

1028 1918 1102 1942 non
1115 1908 1274 1943 tantum
1289 1905 1520 1942 christianos
1536 1904 1700 1940 cruente
1718 1901 1892 1948 vexavit,
1907 1901 1977 1938 sed

1029 1958 1149 1995 etiam
1178 1969 1315 1994 eorum
1336 1957 1552 2005 scripturas
1567 1957 1606 1993 et
1625 1955 1778 1992 codices
1801 1953 1979 1991 comburi

1030 2010 1151 2048 iussit.
1181 2010 1295 2048 Multi
1317 2010 1475 2059 quidem
1495 2008 1639 2046 eruditi
1660 2007 1735 2044 viri
1756 2007 1977 2045 labentibus

1027 2064 1268 2112 temporibus
1288 2076 1309 2100 e
1330 2062 1644 2100 calendariorum
1670 2062 1848 2098 veterum
1868 2059 1978 2107 frag-

1028 2116 1172 2154 mentis
1201 2116 1363 2165 aliisque
1392 2113 1668 2159 monumentis,
1689 2125 1789 2162 quae
1809 2123 1975 2160 supere-

1028 2172 1132 2216 rant,
1161 2168 1407 2206 conficiendis
1428 2166 1720 2216 martyrologiis
1740 2177 1898 2214 operam
1914 2164 1975 2201 de-

1029 2222 1192 2268 derunt3
1219 2225 1261 2259 at
1288 2221 1412 2259 multo
1441 2219 1731 2257 numerosiores
1761 2219 1839 2255 imo
1861 2218 1978 2255 innu-

1029 2286 1157 2312 meros
1176 2274 1296 2312 fuisse
1317 2275 1526 2322 martyres,
1541 2271 1738 2310 evincitur
1752 2274 1836 2309 tum
1854 2282 1903 2308 ex
1920 2281 1978 2315 e0,

1029 2328 1129 2375 quod
1157 2327 1333 2364 omnium
1354 2326 1511 2364 nomina
1538 2337 1615 2362 non
1636 2324 1786 2362 fuerint
1805 2322 1976 2361 conscri-

1028 2383 1109 2428 pta,
1130 2383 1170 2417 et
1197 2380 1359 2429 antiqua
1378 2378 1610 2417 kalendaria
1630 2376 1836 2426 perierint,
1851 2378 1935 2413 tum
1956 2387 1977 2411 e

1028 2435 1208 2470 veterum
1238 2433 1473 2481 scriptorum
1501 2431 1620 2468 etiam
1648 2429 1891 2467 ethnicorum
1918 2430 1977 2465 te-

1027 2485 1229 2531 stimoniis,
1250 2497 1348 2533 quae
1369 2484 1568 2522 occasione
1586 2482 1902 2532 persecutionum
1920 2482 1978 2517 at-

1027 2538 1190 2575 tulimus
1211 2540 1250 2575 et
1269 2537 1450 2586 deinceps
1469 2536 1704 2582 adferemus,
1717 2545 1834 2584 quum
1854 2533 1901 2570 de
1922 2544 1980 2570 re-

1028 2590 1143 2639 liquis
1162 2591 1498 2639 persecutionibus
1519 2600 1681 2639 agemus
1697 2586 1722 2625 ⁶.

1082 2644 1192 2681 Haec
1212 2645 1420 2681 observare
1439 2642 1587 2692 placuit
1607 2641 1793 2678 adversus
1813 2638 1862 2676 H.
1880 2638 1980 2675 Dod-

1028 2696 1213 2742 Wellum,
1234 2696 1301 2745 qui
1321 2695 1472 2745 ingenti
1490 2696 1712 2742 martyrum
1735 2689 1979 2730 multitudini

1070 2814 1080 2835 ¹
1097 2814 1163 2845 Vid.
1180 2822 1275 2853 supra
1290 2822 1318 2852 p.
1335 2810 1377 2841 44
1392 2807 1421 2842 et
1435 2809 1485 2842 45.

1069 2854 1084 2875 2
1100 2854 1194 2886 Hist.
1210 2855 1285 2885 eccl.
1302 2854 1320 2884 l.
1337 2854 1369 2890 V,
1389 2862 1415 2883 c.
1433 2851 1460 2882 3.

1070 2895 1083 2917 3
1099 2895 1209 2936 Epist.
1233 2894 1273 2926 34
1295 2897 1324 2924 et
1347 2893 1394 2924 37.
1418 2893 1454 2923 Cf
1466 2894 1576 2923 Baron.
1592 2891 1722 2923 Annal.
1741 2892 1781 2922 ad
1798 2900 1848 2923 an.
1863 2890 1934 2929 238,
1953 2894 1983 2922 et

1029 2938 1137 2968 Annot.
1161 2936 1201 2966 ad
1222 2935 1408 3006 {gar-tyrol.
1431 2935 1529 2964 Rom.
1554 2943 1578 2964 c.
1604 2933 1636 2971 1;
1661 2933 1800 2964 Bolland.
1817 2934 1902 2964 Acta
1919 2933 1978 2964 SS.

1028 2981 1048 3009 t.
1064 2978 1079 3009 Ι
1095 2987 1161 3016 apr.
1176 2986 1206 3016 p.
1264 3000 1270 3007 .

1070 3019 1085 3041 4
1101 3020 1226 3055 Euseb.‚
1245 3017 1303 3056 Op.
1328 3017 1376 3048 cit.
1398 3017 1418 3047 l.
1440 3016 1488 3055 lV,
1517 3025 1542 3047 c.
1560 3015 1600 3054 8¹;
1632 3016 1723 3056 Greg.
1752 3017 1865 3047 Turon.
1887 3015 1983 3046 Hist.

1030 3060 1154 3090 Franc.
1171 3059 1188 3089 Ι.
1203 3058 1228 3095 1,
1246 3067 1270 3088 c.
1287 3057 1336 3089 ⁶29.

1073 3102 1086 3123 5
1102 3103 1130 3131 L.
1147 3100 1183 3130 IV
1200 3099 1280 3129 Adv.
1300 3098 1432 3129 Gentes.

1072 3142 1086 3164 6
1102 3142 1139 3172 Cf
1151 3141 1288 3177 Ruinart,
1305 3140 1436 3170 Praefat.
1450 3139 1488 3170 ad
1507 3138 1590 3171 Acta
1601 3139 1654 3172 SS.
1667 3139 1839 3180 Martyr.;
1855 3136 1981 3170 Sandin.

1033 3183 1172 3222 Disput.
1194 3181 1272 3212 hist.
1296 3181 1349 3219 1x;
1373 3181 1459 3221 Pagi,
1479 3180 1616 3213 Critica
1631 3181 1670 3212 ad
1686 3190 1735 3213 an.
1751 3180 1804 3218 cla
1822 3177 1982 3218 Blnterim,
