2241 3473
242 155 295 194 42

190 229 373 266 daeorum
391 229 484 266 illud
507 229 756 266 celebrabant
774 227 865 264 luna
883 226 979 264 XIV
998 225 1139 263 mensis

187 281 311 320 Nisan
330 294 397 319 seu
416 281 559 327 martii,
579 281 617 318 in
637 291 918 329 quamcumque
937 280 1141 316 hebdoma-

189 334 247 372 dis
266 334 369 372 diem
383 346 430 372 ea
444 334 641 371 incideret.
659 334 814 377 Contra,
830 333 1010 369 Romana
1026 332 1142 370 aliae-

189 399 264 436 que
293 387 479 425 ecclesiae
508 399 581 424 non
611 386 689 423 alia
716 397 833 433 quam
852 385 1044 422 dominica
1063 386 1138 432 die,

187 440 321 477 lunam
339 440 436 477 XIV
455 440 627 489 proxime
646 441 843 487 sequente,
862 438 1015 476 Pascha
1034 439 1139 476 cele-

188 494 366 531 brabant.
382 493 557 540 Utraque
572 504 662 540 pars
677 504 718 530 se
731 491 980 529 traditionem
995 494 1141 540 aposto-

187 546 303 582 licam
321 545 428 593 sequi
447 545 723 590 contendebat,
743 544 904 583 Asiatici
924 557 953 583 s.
974 545 1139 592 Ioannis,

189 598 355 635 Romani
374 609 421 635 ss.
444 598 552 635 Petri
572 601 610 636 et
626 598 738 636 Pauli
753 598 1025 637 auctoritatem
1041 599 1140 636 adle-

190 652 344 700 gabant.
365 650 581 689 Diversitas
595 651 693 690 ritus
707 652 798 689 inde
814 652 1023 698 oriebatur,
1039 653 1138 700 quod

188 715 217 741 s.
238 704 412 749 Ioannes,
428 715 515 741 cum
531 704 733 743 christiani
747 705 788 742 in
803 705 897 743 Asia
910 705 1050 742 minori
1066 706 1140 754 ple-

189 756 299 805 rique
319 759 447 794 essent
465 769 486 794 e
506 757 796 796 circumcisione
815 770 884 796 seu
904 758 1036 796 Iudaei
1055 770 1141 796 con-

188 809 311 856 versi,
331 811 584 858 temporanea
608 811 894 860 dispensatione
915 824 1004 849 cum
1023 812 1070 850 iis
1090 824 1139 849 u-

186 874 251 900 sus
270 865 366 909 erat,
385 863 515 901 sinens
535 864 689 902 Pascha
709 865 894 903 celebrari
911 877 958 903 ea
974 865 1047 912 die,
1063 876 1139 913 qua

186 915 226 952 in
247 916 382 953 Veteri
396 917 501 965 Lege
517 916 801 964 celebrabatur,
817 918 1140 967 quemadmodum

185 969 327 1006 caeteri
354 970 528 1018 Apostoli
556 971 745 1009 nonnulla
768 971 845 1008 alia
865 972 911 1009 V.
934 973 976 1010 L.
995 972 1140 1021 legalia

185 1022 234 1059 ad
253 1024 407 1071 tempus
425 1023 655 1070 tolerarunt,
677 1027 721 1062 ut
739 1025 795 1062 sic
814 1025 946 1062 Iudaei
964 1025 1140 1063 suaviter

184 1087 208 1112 a
227 1075 379 1113 Veteris
399 1076 514 1126 Legis
542 1077 730 1115 servitute
759 1078 807 1115 ad
836 1078 978 1117 Christi
1003 1079 1139 1127 iugum

186 1127 437 1167 allicerentur
455 1132 496 1168 et
515 1131 656 1168 sensim
674 1131 972 1180 perfectioribus
990 1131 1140 1170 institu-

185 1181 234 1219 tis
255 1185 534 1222 assuescerent.
555 1185 666 1221 Anno
695 1184 850 1222 circiter
871 1185 946 1223 166
965 1197 993 1223 s.
1014 1185 1138 1234 Poly-

186 1246 337 1285 carpus,
357 1236 555 1286 episcopus
574 1238 835 1287 Smyrnensis,
855 1238 902 1275 de
923 1238 1140 1276 dirimenda

185 1288 260 1326 hac
288 1291 553 1328 controversia
581 1291 751 1329 contulit
789 1303 878 1329 cum
910 1303 939 1329 s.
973 1293 1137 1330 Aniceto

186 1341 234 1378 R.
256 1342 458 1381 Pontifice.
480 1344 606 1385 Quum
625 1347 772 1391 autem,
791 1356 834 1382 re
855 1345 1025 1382 nondum
1044 1347 1138 1384 satis

186 1394 371 1443 discussa,
386 1409 460 1434 non
478 1398 742 1444 convenirent,
759 1398 1029 1436 dissidentibus
1048 1399 1138 1448 qui-

186 1448 273 1485 dem
283 1450 485 1488 sententiis
496 1451 560 1488 sed
571 1451 704 1488 amicis
721 1451 858 1489 animis
869 1452 1138 1500 discesserunt,

185 1501 344 1549 opinati,
366 1505 570 1553 utrumque
586 1506 705 1542 ritum
718 1505 877 1543 tolerari
893 1517 1002 1554 posse
1019 1507 1139 1543 donec

185 1555 324 1593 melius
344 1556 391 1593 de
411 1557 581 1605 genuina
599 1558 808 1596 traditione
828 1561 1027 1598 constaret
1047 1559 1071 1597 ¹.
1090 1580 1138 1587 —

184 1608 241 1645 Ec
267 1609 484 1655 Anicetus,
505 1612 826 1659 quemadmodum
853 1611 978 1650 refert
1004 1624 1032 1650 s.
1054 1613 1140 1650 Ire-

186 1673 318 1708 naeus,
340 1664 384 1700 in
399 1663 586 1702 Ecclesia
602 1666 871 1704 consecrandi
887 1677 1041 1710 manus
1057 1667 1140 1704 Po-

189 1715 354 1764 charpo
378 1717 543 1755 lionoris
563 1730 693 1756 causa
712 1720 929 1764 concessit,
950 1719 1050 1757 idest
1064 1750 1073 1766 ‚
1095 1722 1139 1758 in

189 1822 272 1858 loco
293 1823 561 1872 Pontificalza
580 1827 727 1863 munia
752 1826 933 1864 obeundi
950 1823 976 1863 ².
998 1826 1138 1864 Caete-

186 1886 296 1921 rum,
318 1879 360 1914 ut
379 1880 438 1914 est
457 1878 557 1925 apud
579 1879 743 1915 eundem
772 1880 992 1925 Irenaeum,
1015 1892 1137 1927 neque

185 1927 370 1966 Anicetus
386 1959 396 1975 ,
413 1942 540 1977 neque
570 1931 652 1968 eius
673 1932 891 1969 decessores
912 1932 1027 1979 Pius,
1047 1933 1137 1982 Hy-

188 1980 317 2030 ginus,
337 1983 610 2032 Telesphorus,
626 1984 791 2034 Xystus,
809 1985 1041 2023 Arianorum
1060 1998 1136 2023 mo-

188 2046 272 2071 rem
289 2047 487 2084 umquam
498 2037 783 2083 observarant,
794 2044 873 2076 [cut
886 2039 947 2082 z’z's,
959 2040 1136 2088 quicum

189 2089 286 2136 ipsis
307 2095 451 2134 erant,
473 2096 523 2127 ut
539 2091 824 2137 observarent,
841 2095 1136 2141 permiserunt.

187 2141 277 2190 Ipsi
296 2147 433 2180 tamen
453 2155 546 2181 eum
567 2144 641 2182 hoc
661 2146 832 2183 minime
852 2145 1135 2192 observarent,

185 2206 327 2243 pacem
348 2197 621 2235 nihilominus
645 2199 830 2236 colebam
856 2209 950 2236 cam
979 2200 1042 2247 iis,
1065 2202 1153 2249 qai·

187 2248 244 2284 ad
269 2260 311 2286 se
339 2252 545 2288 venissent
562 2263 612 2288 ea:
628 2251 837 2296 Ecclesiis,
860 2254 904 2289 in
930 2253 1076 2301 quibus
1098 2254 1139 2290 id

187 2302 492 2341 observabatur.
506 2325 554 2332 -—
563 2305 615 2342 At
630 2316 766 2343 versus
787 2306 901 2343 finem
924 2306 1039 2345 huius
1060 2319 1139 2344 sae-

189 2355 268 2392 culi
283 2356 459 2394 eamdem
473 2357 581 2395 litem
595 2358 722 2396 acrius
738 2359 926 2408 agitatam
941 2359 1057 2397 fuisse
1069 2361 1137 2398 sub

189 2408 348 2446 Victore
370 2422 467 2458 papa
489 2411 720 2448 videbimus.

241 2462 304 2499 22.
325 2462 530 2501 Ecclesiae
549 2470 684 2501 statas
699 2465 774 2502 sab
794 2466 850 2503 M.
868 2467 1035 2504 Aurelio
1051 2466 1135 2514 (an.

192 2515 535 2565 Isin-Antonino
556 2517 626 2554 Pio
644 2530 704 2555 an.
725 2518 796 2556 161
815 2523 981 2566 mortue,
998 2521 1138 2558 Roma·

191 2581 331 2606 norum
352 2569 515 2619 imperio
536 2571 648 2619 potiti
668 2575 759 2609 sunt
779 2572 936 2610 Marcus
955 2573 1137 2612 Aurelius

191 2625 231 2659 et
246 2623 390 2662 Lucius
406 2624 699 2662 Verus.Posteri
707 2637 751 2662 or
768 2626 946 2675 princeps
962 2626 1036 2664 fuit
1051 2627 1141 2664 mol-

191 2674 459 2721 lis,extinctus
475 2689 536 2716 an.
556 2678 641 2716 169.
652 2678 808 2717 Marcus
823 2679 1008 2717 Aurelius
1024 2681 1071 2718 ab
1087 2681 1141 2718 in-

191 2728 314 2766 fantia
345 2732 479 2780 gravis
507 2735 547 2769 et
574 2731 613 2769 in
644 2732 775 2770 multis
805 2737 1043 2780 mansuetus,
1073 2735 1138 2772 sed

233 2855 242 2877 ¹
261 2857 289 2887 S.
304 2857 391 2893 lren..
404 2858 421 2887 l.
436 2857 490 2896 111,
504 2868 530 2890 c.
542 2858 572 2897 3;
591 2859 1141 2899 Euseb.‚11isc.eccl.1.V,c.‘23-⁶21;

193 2907 219 2930 8.
235 2897 356 2929 Hieron.
377 2899 482 2930 Catal.

233 2940 248 2962 ²
264 2941 402 2977 Ruinart,
419 2941 447 2970 in
465 2941 561 2971 Actis
579 2943 743 2980 primorum
761 2944 936 2983 Martyrum.
952 2944 1143 2975 Admonitio-

193 2990 231 3011 nc
249 2982 277 3011 in
297 2983 474 3021 martyrium
491 2992 512 3012 s
534 2984 705 3024 Pub-carpi,
717 2986 732 3024 ξ
745 2986 771 3015 23.
786 2986 918 3025 idipsum
932 2987 1072 3025 opinatur
1087 2988 1141 3016 Va-

194 3020 287 3053 lesius
310 3023 507 3053 adnotatione
530 3025 559 3054 in
578 3026 702 3056 citatum
719 3025 838 3058 Eusebii
855 3028 966 3066 locum,
982 3028 1142 3068 rciicitque

194 3065 392 3095 franciscum
414 3065 595 3101 Florentcm,
612 3067 661 3106 qui
680 3068 708 3098 in
732 3068 902 3100 Tractatu
920 3070 966 3101 ad
986 3069 1142 3101 Titulum

195 3104 214 3136 7
231 3106 480 3142 Decretalium‚
497 3107 546 3137 Dc
567 3107 814 3140 Translaeione
830 3110 1003 3151 Episcopi,
1018 3115 1140 3142 conten-

195 3147 253 3185 dit,
274 3148 433 3179 Anicetum
451 3149 658 3188 porrexisse
680 3151 858 3183 duntaxat
875 3153 1143 3184 Ezcclzarisliam

196 3188 375 3229 Polym-arpo,
392 3199 462 3219 non
479 3193 578 3220 autem
593 3192 800 3223 concessisse
812 3193 868 3225 illi
883 3194 940 3225 ius
951 3204 1056 3227 sacra
1068 3204 1142 3236 my·-

196 3230 307 3262 steria
323 3231 530 3263 celebrandi.
548 3232 612 3263 Vid.
630 3233 740 3265 Baron.
759 3234 798 3265 ad
815 3244 862 3266 an.
879 3235 929 3274 46,
945 3245 974 3267 n.
992 3235 1040 3268 13.

672 164 829 193 EPOCHA
855 164 896 191 11.
925 164 952 190 A
979 155 1124 190 MORTE'
1145 162 1176 190 S.
1205 161 1366 190 IOANNIS
1395 162 1588 190 APOSTOLI

1185 226 1404 264 christianis
1433 225 1626 272 infensus,
1655 227 1838 276 regnavit
1857 239 1978 277 usque
1994 229 2043 267 ad
2062 241 2126 267 an.

1185 279 1271 317 180.
1291 280 1402 318 Nihil
1422 280 1598 317 obstante
1616 279 1678 327 M.
1692 281 1837 318 Aurelii
1856 282 2126 320 mansuetudi-

1182 344 1242 378 ne,
1263 344 1379 381 quam
1394 344 1523 371 osores
1538 332 1797 371 multitudinis
1811 336 2031 383 martyrum
2045 337 2128 373 tan-

1181 387 1314 434 topere
1334 387 1618 432 commendant,
1638 386 1708 423 sub
1728 387 1812 424 eius
1838 387 2000 437 imperio
2019 388 2127 426 chri-

1182 438 1300 476 stiani
1308 441 1510 477 cruentam
1522 439 1830 488 persecutionem
1844 441 2014 490 perpessi
2024 443 2127 479 sunt.

1182 492 1343 530 Constat
1360 492 1400 530 id
1415 505 1436 531 e
1452 492 1605 538 Iustini,
1615 493 1904 542 Athenagorae,
1918 494 2128 541 Melitonis‚

1182 543 1421 593 Apollinaris
1440 550 1479 584 et
1499 545 1687 584 Miltiadis
1710 546 1908 595 apologfis,
1928 559 1978 584 ex
2003 546 2128 585 eccle-

1181 598 1327 636 siarum
1344 599 1592 648 Smyrnensis
1608 602 1647 637 et
1662 599 1949 648 Lugdunensis,
1958 603 2075 648 atque
2097 612 2128 638 s.

1182 651 1359 701 Dionysii
1379 653 1666 690 Corinthiorum
1688 652 1855 702 episcopi
1877 652 2060 702 epistolis,
2082 654 2129 691 de

1181 705 1318 752 quibus
1334 717 1426 743 mox
1441 706 1625 753 dicemus,
1647 706 1686 743 et
1705 718 1754 743 ex
1776 705 1933 744 Eusebii
1951 706 2130 744 testimo-

1181 758 1242 795 nio
1260 756 1283 795 ¹.
1308 759 1392 797 Nec
1411 758 1576 805 mirum3
1598 763 1683 796 erat
1705 758 1808 797 enim
1836 759 1900 796 hic
1917 758 2130 808 imperator

1180 811 1307 849 cultus
1333 813 1491 849 deorum
1513 812 1840 859 studiosissimus,
1868 813 2032 862 ideoque
2052 824 2129 850 non

1179 866 1332 913 poterat
1351 877 1427 902 non
1447 866 1571 903 odisse
1588 865 1837 913 christianos,
1857 866 1924 914 qui
1938 866 2030 903 deos
2045 878 2131 904 con—

1179 919 1417 965 temnentes,
1445 918 1605 967 quosvis
1627 919 1676 956 ab
1696 931 1832 956 eorum
1852 919 1960 957 cultu
1982 930 2130 957 avoca-

1181 971 1285 1019 bant,
1305 983 1547 1021 quorumque
1568 983 1728 1010 numero
1749 972 1790 1009 in
1809 972 1892 1010 dies
1915 974 2130 1019 crescente,

1180 1036 1306 1064 sacra.
1320 1025 1472 1074 imperii
1502 1025 1786 1063 dilabebantur.
1807 1025 1904 1063 Erat
1922 1028 2129 1074 praeterea

1178 1077 1439 1127 philosophiae
1459 1078 1602 1116 stoicae
1623 1079 1764 1116 ardens
1784 1080 1963 1125 sectator,
1984 1080 2025 1116 et
2042 1078 2130 1127 phi-

1180 1131 1348 1179 losophis
1377 1131 1625 1169 familiariter
1645 1132 1850 1180 utebatur3
1876 1131 1953 1169 iam
1975 1143 2069 1169 vero
2089 1131 2128 1169 hi

1180 1184 1374 1233 Religioni
1409 1185 1645 1223 christianae
1668 1215 1678 1232 ,
1714 1197 1832 1234 quam
1867 1185 2100 1234 ignorabant
2120 1213 2130 1231 ‚

1180 1237 1350 1286 maligne
1372 1238 1652 1285 obtrectantes,
1672 1238 1831 1288 eiusque
1855 1239 2068 1277 sectatores
2088 1241 2132 1276 ut

1180 1290 1360 1339 profanos
1381 1293 1421 1329 et
1440 1291 1577 1340 impios
1598 1292 1780 1329 continuo
1802 1291 2051 1338 insectantes,
2065 1291 2130 1329 in-

1181 1344 1332 1382 fensum
1362 1344 1609 1394 imperatoris
1636 1345 1676 1382 in
1707 1345 1938 1383 christianos
1957 1345 2129 1383 animum

1179 1398 1388 1446 augebant.

1233 1451 1292 1488 Ex
1304 1451 1364 1488 his
1380 1451 1615 1500 philosophis
1629 1451 1818 1495 notissimi
1830 1453 1924 1490 sunt
1936 1451 2131 1490 Lucianus

1181 1505 1458 1542 Samosatenus
1478 1506 1518 1542 et
1536 1504 1720 1542 Crescens
1741 1505 1916 1554 Cynicus.
1939 1505 2054 1543 Prior
2072 1517 2131 1543 eo-

1181 1558 1268 1595 dem
1284 1558 1471 1595 irrisionis
1491 1560 1531 1595 et
1551 1558 1809 1596 cavillationis
1830 1559 1955 1607 modo,
1976 1571 2023 1597 ac
2039 1558 2131 1597 Cel-

1182 1623 1261 1657 sus,
1282 1611 1329 1648 de
1349 1623 1423 1660 quo
1444 1623 1561 1660 supra
1577 1611 1746 1649 diximus
1761 1610 1791 1659 ²,
1807 1614 1943 1650 contra
1958 1612 2131 1650 christia-

1181 1676 1251 1702 nos
1277 1676 1368 1702 usus
1396 1667 1467 1711 est,
1492 1664 1697 1714 praecipue
1722 1665 1761 1702 in
1791 1664 1955 1715 Dialogo
1986 1677 2056 1703 suo
2085 1665 2131 1702 de

1159 1753 1161 1758 Α
1180 1719 1305 1755 morte
1335 1717 1540 1766 Peregrini
1568 1718 1715 1766 Cynici.
1739 1718 1882 1756 Parem
1902 1718 2046 1756 mentis
2065 1717 2130 1755 in-

178 1769 345 1816 publico
381 1772 568 1808 omnium
595 1772 802 1810 Fidelium
840 1778 1041 1810 conventu
1074 1775 1144 1811 sai
1158 1771 1161 1807 ζ

1158 1854 1159 1867 ,
1181 1825 1445 1873 Crescens,qui
1465 1826 1571 1862 totus
1590 1824 1630 1861 in
1651 1836 1695 1862 eo
1712 1828 1810 1872 erat,
1825 1828 1868 1862 ut
1884 1824 2132 1875 sophismatis

1181 1771 1328 1818 dolem,
1358 1771 1590 1809 christianae
1618 1771 1677 1808 rei
1708 1771 1930 1819 inimicam,
1960 1771 2132 1822 prodidit

1179 1881 1218 1915 et
1238 1877 1442 1915 calumniis
1470 1878 1700 1917 christianos
1721 1890 1788 1916 ceu
1805 1878 1961 1928 impios,
1981 1890 2134 1916 eorum-

1178 1942 1254 1979 que
1275 1931 1498 1979 religionem
1520 1943 1589 1969 ceu
1611 1931 1819 1969 absurdam
1837 1935 1876 1969 et
1891 1935 2134 1969 contemnen-

1178 1984 1265 2021 dam
1291 1984 1526 2021 traduceret.
1550 1984 1700 2033 Hicque
1721 1984 2004 2023 infensissimus
2024 1984 2130 2022 chri-

1178 2037 1393 2074 stianorum
1409 2037 1530 2075 hostis
1547 2041 1585 2075 et
1605 2037 1873 2085 calumniator,
1886 2050 1915 2079 s.
1928 2038 2132 2085 Iustinum,

1177 2090 1469 2127 celeberrimum
1493 2102 1623 2128 eorum
1647 2091 1918 2140 apolog-istam,
1938 2104 2026 2130 cum
2047 2091 2134 2131 aliis

1179 2144 1226 2181 ad
1247 2143 1411 2181 iudicem
1433 2143 1584 2182 detulit.

1230 2197 1293 2235 23.
1315 2197 1577 2245 Apolossislae
1590 2219 1637 2226 —
1649 2198 1808 2236 Revera
1828 2210 1858 2236 s.
1875 2198 2134 2249 Iustinus,qui

1180 2251 1251 2287 sub
1272 2250 1467 2287 Antonino
1490 2250 1560 2288 Pio
1583 2251 1815 2290 christianos
1837 2263 2048 2301 eorumque
2064 2264 2130 2291 re-

1179 2303 1362 2352 ligionem
1385 2306 1424 2341 et
1445 2304 1688 2353 disciplinam
1718 2305 1874 2354 egregie
1896 2305 2135 2354 defenderat,

1181 2358 1252 2394 sub
1281 2357 1333 2394 M.
1355 2357 1512 2394 Aurelio
1545 2357 1710 2395 alteram
1732 2358 1779 2395 ad
1800 2359 2074 2407 imperatorem
2096 2362 2136 2398 et

1181 2413 1360 2447 senatum
1391 2410 1544 2460 scripsit
1576 2412 1819 2460 Apologiam.
1841 2412 1884 2449 In
1905 2424 1952 2450 ea
1971 2414 2134 2451 demon-

1180 2465 1306 2510 strat,
1330 2475 1446 2512 quam
1476 2464 1608 2513 inique
1630 2469 1772 2513 agatur
1792 2467 1930 2504 contra·
1947 2466 2132 2505 christia-

1181 2529 1261 2563 nos,
1277 2518 1343 2565 qui
1367 2517 1485 2554 solius
1508 2519 1674 2555 nominis
1694 2530 1824 2565 causa,
1846 2519 1953 2558 nullo
1969 2519 2132 2558 crimine

1181 2572 1362 2619 probato,
1382 2571 1638 2619 damnantur3
1660 2583 1794 2609 eorum
1816 2576 1993 2611 sanctam
2014 2573 2132 2612 disci-

1180 2623 1325 2672 plinam
1347 2627 1386 2661 et
1401 2625 1617 2662 doctrinam
1634 2625 1836 2674 praeclare
1858 2628 2080 2676 propugnat
2094 2629 2135 2665 et

1181 2688 1204 2713 a
1225 2677 1482 2726 petulantium
1505 2678 1821 2727 philosophorum
1842 2679 2016 2718 dicteriis
2040 2679 2133 2718 vin-

1182 2730 1295 2768 dicat.
1317 2732 1369 2768 At
1389 2734 1469 2768 tam
1492 2743 1628 2780 parum
1651 2732 1722 2769 hac
1742 2732 2044 2773 christianorum
2063 2733 2134 2772 de-

1183 2783 1353 2821 fensione
1376 2784 1554 2833 profecit,
1571 2787 1614 2823 ut
1634 2785 1759 2834 potius
1779 2798 1854 2823 non
1871 2786 1995 2825 multo
2010 2790 2097 2836 post
2112 2799 2135 2826 a

1183 2836 1388 2875 Crescente
1420 2838 1642 2887 philosopho
1672 2839 1720 2876 ad
1743 2839 1950 2878 Rusticum
1969 2840 2133 2878 iudicem

1183 2890 1349 2936 delatus,
1372 2903 1458 2928 cum
1480 2891 1565 2929 aliis
1589 2892 1777 2941 pluribus,
1793 2893 1948 2942 aequali
1961 2896 2135 2933 constan-

1183 2944 1239 2981 tia
1260 2944 1395 2981 Fiden
1416 2944 1617 2993 confessis,
1638 2947 1763 2995 capite
1785 2946 2024 2995 plecteretur
2040 2945 2066 2986 ³.

1226 3071 1235 3092 ¹
1256 3072 1376 3108 Eusvb..
1394 3073 1410 3102 1.
1427 3074 1471 3111 lv,
1486 3084 1510 3104 c.
1530 3073 1574 3111 Η,
1588 3073 1636 3112 15,
1651 3073 1688 3106 ‘23
1700 3084 1707 3113 ς
1719 3074 1736 3105 l.
1751 3075 1783 3111 V,
1796 3075 1825 3105 in
1840 3075 1978 3107 prooem.
1992 3078 2022 3107 et
2034 3084 2059 3107 c.
2071 3075 2133 3108 1-3.

1186 3113 1223 3142 Cf
1242 3114 1378 3148 Ruinarl,
1398 3116 1493 3145 l’rucl'.
1511 3116 1549 3145 ad
1567 3117 1652 3147 Acta
1670 3116 1727 3147 SS.
1745 3115 1915 3158 DIartyr.;
1932 3116 1955 3149 Ι.
1973 3117 2005 3149 Β.
2019 3117 2135 3158 Palma,

1186 3154 1355 3226 I’riaxeillclch
1373 3156 1455 3228 hJigt.
1471 3158 1545 3188 eccl.
1563 3161 1581 3188 t.
1599 3158 1622 3196 1,
1637 3161 1716 3198 part.
1730 3157 1754 3198 1,
1770 3168 1794 3190 c.
1816 3158 1864 3190 13.

1225 3237 1238 3258 ³
1248 3222 1325 3270 Vita
1333 3207 1505 3271 i'ius'zini
1514 3240 1544 3271 in
1556 3240 1707 3281 Operum
1718 3241 1783 3273 cius
1795 3241 1926 3275 editione
1938 3251 2012 3275 cura
2019 3243 2124 3276 Maran

2238 3253 2241 3269 1

2221 201 2235 230 ξ
