2241 3473
240 136 319 175 244

193 210 391 248 diceretur
413 208 436 247 ¹.
463 209 516 246 At
546 208 724 246 Marinus
752 209 845 256 Pp.,
873 207 1030 245 Ioannis
1051 207 1147 244 VIII

128 260 130 262 ’
188 274 406 308 successor,
425 262 656 299 Formosum
677 273 700 297 a
721 260 962 309 depositione
981 262 1022 297 et
1042 260 1148 297 iure-

191 316 360 354 iurando
381 314 606 351 absolutum
621 342 631 357 ,
650 313 690 350 in
711 314 975 351 Portuensem
995 313 1150 361 episco-

190 372 327 419 patum
356 367 589 404 restituerat
608 365 645 412 ²3
667 377 838 403 canones
859 369 994 404 autem
1013 370 1149 404 trans-

190 420 347 459 lationis
367 420 637 467 episcoporum
660 431 683 456 a
709 418 853 456 minori
883 420 931 456 ad
961 419 1150 456 maiorem

191 473 400 512 ecclesiam
414 501 422 517 ,
443 471 690 509 necessitatis
711 474 783 509 aut
802 472 990 509 utilitatis
1019 484 1150 519 causa,

189 526 350 565 minime
368 524 639 573 prohibebant.
658 525 784 562 Porro
801 525 1035 562 Formosum
1056 524 1151 562 fuis-

194 592 235 617 se
255 579 386 615 virum
404 577 610 625 religione,
626 577 807 615 doctrina
826 580 866 615 et
882 578 1096 615 virtutibus
1111 577 1151 614 il·

189 631 368 676 lustrem,
385 630 548 679 proinde
569 631 801 678 pontificatu
823 631 987 680 dignum
1007 632 1152 668 testan-

188 687 256 722 tur
285 683 554 731 Luitprandus
575 681 604 729 3,
625 683 870 722 Flodoardus
886 682 919 730 4,
938 687 977 721 et
1007 684 1151 730 citatus

188 736 375 775 Auxilius
395 736 435 772 in
455 736 480 772 2
494 736 607 774 libris
626 748 696 785 pro
714 738 849 774 eodem
859 737 1151 786 scriptis,eum-

189 802 264 840 que
280 789 525 827 necessitatis
537 801 655 827 causa
667 791 716 828 ad
732 791 1000 839 Apostolicam
1019 791 1151 827 sedem

187 844 421 893 provectum
446 854 555 889 esse,
576 844 745 880 asseruit
764 844 947 881 Romana
976 843 1151 892 synodus

189 909 252 934 an.
275 895 353 934 898
373 896 444 933 sub
466 895 612 932 Ioanne
633 896 691 933 IX
710 897 858 933 habita.

244 949 459 987 Formosus
485 948 598 986 initio
628 949 880 998 pontificatus
909 949 969 986 sui
998 948 1153 998 excepit

188 1003 342 1052 legatos
358 1001 609 1050 imperatoris
626 1004 666 1039 et
681 1002 951 1051 episcoporum
963 1002 1151 1039 Orienta-

188 1056 301 1101 lium,
313 1066 409 1103 quos
425 1054 647 1103 Stephanus
660 1055 695 1093 V
717 1056 766 1093 ad
783 1067 823 1093 se
841 1055 957 1104 dirigi
976 1055 1150 1103 postula-

188 1110 304 1147 verat
316 1122 326 1154 3
342 1110 382 1145 et
401 1111 610 1156 postquam
622 1108 708 1146 illos
728 1108 957 1152 audivisset,
968 1109 1153 1146 Constan-

189 1161 394 1210 tinopolim
408 1161 562 1210 legavit
577 1161 856 1210 Landulphum
873 1164 913 1199 et
928 1162 1152 1199 Romanum

190 1215 413 1265 episcopos,
443 1214 511 1262 qui
531 1226 622 1252 cum
644 1215 825 1264 Styliano
855 1214 1153 1252 Neocaesareae

190 1273 229 1306 et
249 1267 550 1316 Theophylacto
570 1269 754 1316 Ancyrae
781 1268 1042 1317 metropolitis
1070 1270 1152 1305 sta-

189 1324 276 1359 tum
304 1320 578 1366 ecclesiarum,
601 1321 797 1358 Photiano
818 1321 1030 1359 schismate
1060 1323 1150 1358 tur-

187 1375 340 1420 batum,
354 1376 630 1422 componerent
644 1373 669 1411 5.
683 1375 743 1412 Ad
761 1375 960 1423 episcopos
977 1374 1149 1423 Angliae

188 1427 396 1476 epistolam
413 1426 532 1472 dedit,
548 1439 628 1474 qua
649 1428 907 1475 praeteritam
929 1438 1065 1464 eorum
1087 1439 1150 1464 ne-

188 1480 421 1530 gligentiam
449 1479 490 1516 in
520 1479 762 1529 corrigendis
791 1480 885 1517 cleri
914 1481 1088 1518 moribus
1112 1482 1152 1517 et

187 1532 447 1583 impediendis
463 1532 623 1570 incestis
644 1533 835 1582 coniugiis
851 1535 992 1582 carpit;
1009 1534 1149 1571 deinde

189 1599 254 1625 eos
274 1586 422 1630 laudat,
437 1586 540 1634 quod
561 1598 664 1623 nunc
683 1587 939 1624 emendandis
962 1587 1148 1625 abusibus

189 1652 351 1678 manum
372 1639 624 1676 admoverint
635 1637 661 1677 ⁶.
678 1640 840 1677 Falsum
856 1651 951 1677 vero
963 1642 1036 1686 est,
1050 1641 1148 1688 quod

190 1693 347 1742 scripsit
356 1691 584 1730 Willelmus
606 1692 983 1739 Malmesburiensis,
994 1693 1152 1730 Formo-

192 1759 280 1784 sum
302 1746 530 1784 universam
539 1746 725 1795 Angliam
745 1746 869 1784 sacris
889 1746 1150 1784 interdixisse.

191 1800 298 1838 Idem
319 1798 504 1837 Pontifex
525 1801 611 1848 post
631 1801 800 1837 mortem
816 1800 1001 1837 W‘idonis
1021 1800 1150 1848 impe-

191 1853 335 1891 ratoris
356 1864 417 1891 an.
440 1852 532 1898 894,
544 1853 661 1890 rebus
673 1853 813 1890 Italiae
829 1853 1029 1902 ipsiusque
1045 1853 1151 1890 urbis

193 1908 344 1944 Romae
358 1918 428 1955 per
441 1906 629 1944 factiones
640 1906 872 1956 Berengarii
888 1909 928 1944 et
947 1907 1150 1944 Lamberti

193 1960 263 1997 filii
276 1959 476 2006 Widonis,
497 1959 576 1997 iam
606 1971 669 1997 an.
690 1960 768 1997 892
797 1960 846 1997 ad
876 1960 1029 2008 imperii
1060 1971 1148 1996 con-

194 2012 362 2051 sortium
392 2013 546 2058 evecti,
574 2013 784 2050 admodum
814 2013 1055 2062 perturbatis
1072 2042 1081 2059 ,
1102 2013 1151 2050 ad

194 2065 469 2104 vindicandam
503 2067 654 2104 Romae
684 2066 910 2104 libertatem
939 2066 1152 2104 advocavit

192 2119 458 2168 Arnulphum,
475 2131 611 2168 regem
628 2120 880 2167 Germaniae,
897 2131 1069 2168 eumque
1086 2132 1148 2157 an.

194 2173 272 2211 896
292 2172 570 2221 imperatorem
601 2174 805 2211 coronavit
834 2174 866 2210 si
891 2173 1088 2222 Regiuoni
1112 2176 1151 2210 et

194 2227 423 2264 Hermanno
445 2225 655 2263 Contracto
676 2227 772 2264 tides
792 2226 929 2264 haberi
950 2224 1153 2264 velit⁷.Ve-

196 2291 283 2317 rum
305 2279 343 2316 id
361 2280 491 2328 potius
507 2279 767 2317 dissensiones
784 2280 906 2317 auxit.
924 2280 1152 2328 Arnulphus

196 2332 314 2381 paulo
336 2335 423 2381 post
437 2332 477 2369 in
494 2332 748 2370 Germaniam
764 2344 978 2382 regressus,
995 2345 1058 2370 an.
1076 2333 1154 2371 898

198 2386 306 2424 obiit.
329 2386 425 2423 Post
446 2385 529 2422 eius
551 2398 599 2422 ex
623 2387 736 2424 Italia
765 2387 980 2424 discessum
1002 2387 1154 2423 Beren-

197 2439 331 2489 garius
347 2441 387 2476 et
403 2439 639 2477 Lambertus
656 2451 790 2488 pacem
808 2440 995 2486 inierunt,
1012 2439 1153 2476 simul-

197 2505 272 2541 que
293 2496 523 2541 regnarunt,
541 2496 580 2529 et
601 2493 793 2541 posterior
813 2493 1063 2542 imperatoris
1080 2493 1153 2529 ho-

198 2557 331 2584 norem
358 2546 620 2584 conservavit.
643 2546 853 2583 Formosus
875 2558 967 2583 vero
989 2546 1072 2583 vita
1093 2557 1157 2582 ex-

201 2599 319 2637 cessit
342 2599 468 2647 pridie
489 2611 610 2637 nonas
631 2600 764 2648 aprilis
789 2612 849 2636 an.
871 2600 960 2637 896.

251 2653 313 2690 66.
335 2653 585 2701 Bom'faez'us
610 2653 669 2690 VI
684 2654 883 2701 Pontifex
901 2652 986 2702 (an.
1005 2649 1157 2699 896)—

202 2706 296 2743 Post
326 2706 477 2743 obitum
499 2706 676 2744 Formosi
707 2706 935 2744 cathedram
957 2706 1067 2743 Petri
1089 2717 1158 2741 oc-

197 2759 358 2808 cupavit
386 2759 611 2797 Bonifacius
633 2759 714 2807 VI,
734 2760 959 2806 Romanus3
981 2760 1048 2796 sed
1071 2760 1158 2807 post

240 2907 422 2980 ¹23l³c')rczes3a¹l.1
441 2909 479 2939 ad
503 2917 562 2940 sec.
587 2908 610 2941 V
634 2908 795 2941 Benedict.
810 2908 825 2950 Ξ
843 2907 875 2946 1;
894 2907 1006 2946 Labbe,
1021 2910 1094 2940 tom.
1109 2908 1159 2939 cit.

198 2958 225 2987 p.
287 2969 303 2978 ..
320 2952 349 2979 et
367 2969 372 2977 .
430 2974 435 2979 .

238 2989 253 3010 ‘2
268 2990 418 3027 Amulius,
436 2991 480 3022 De
496 2992 637 3024 ordinat.
657 2993 817 3031 Formosi,
833 2991 850 3022 l.
869 2991 907 3030 11,
925 3000 949 3022 c.
967 2989 1016 3021 20.

237 3031 250 3050 ⁷⁸
266 3029 345 3062 Hist.
361 3032 379 3062 l.
395 3032 415 3068 1,
432 3033 496 3064 c.8,

238 3072 250 3094 ⁴
271 3072 409 3104 Carmen
425 3074 463 3104 de
480 3076 552 3106 ΕΗ.
569 3075 688 3115 Ponte's.

239 3115 253 3135 ⁵
272 3114 384 3152 Labbc,
404 3119 422 3146 t.
440 3116 488 3153 IX,
506 3126 533 3155 p.
551 3116 620 3148 429.

240 3153 254 3174 ⁶
272 3156 344 3185 ΗΜ.
363 3165 392 3196 ρ,
410 3156 480 3194 430;
499 3159 585 3197 Pagi,
608 3158 742 3198 wilica,
757 3159 796 3190 ad
813 3168 861 3190 an.
881 3157 951 3189 891.

240 3194 254 3214 ⁷
272 3194 392 3229 Chr-on.
411 3198 450 3229 ad
467 3207 516 3230 an.
533 3199 602 3230 896.

878 145 1041 173 EPOCHA
1069 145 1126 173 VI.
1155 146 1184 173 A
1212 145 1369 174 CAROLO
1398 147 1442 174 M.

1192 207 1241 246 15
1261 208 1341 246 dies
1360 209 1538 258 podagra
1564 210 1744 248 sublatus
1764 212 1834 249 est.
1855 211 1913 249 De
1933 223 1979 248 eo
1997 211 2148 261 legitur
2204 211 2211 217 ⁴

1189 261 1229 297 in
1249 262 1431 299 Romana
1450 263 1602 310 synodo
1615 293 1624 310 ,
1645 275 1706 300 an.
1728 263 1805 300 898
1825 265 1896 301 sub
1923 265 2071 301 Ioanne
2090 265 2149 302 IX

1189 314 1341 361 habita,
1362 315 1464 362 quod
1483 315 1610 363 primo
1639 315 1927 354 subdiaconatu
1942 346 1951 363 ,
1971 319 2150 366 postmo-

1190 366 1282 403 dum
1297 367 1515 404 sacerdotio
1533 368 1745 416 depositus,
1763 369 1942 417 populari
1962 381 2081 408 manu
2102 371 2152 408 ad

1191 419 1334 457 altiora
1362 419 1486 458 fuerit
1507 422 1719 468 provectus
1738 420 1765 457 ¹.
1786 421 2033 471 Quapropter
2062 435 2154 460 non·

1193 471 1288 508 nulli
1325 472 1572 511 Bonifacium
1605 473 1661 511 VI
1695 473 1857 510 summis
1891 475 2153 513 Pontificibus

1192 525 1533 563 adnumerandum
1564 537 1647 563 esse
1676 527 1836 574 negant.
1871 526 2057 576 Plerique
2086 531 2151 566 ta-

1192 589 1281 615 men
1302 579 1342 614 in
1362 590 1525 616 numero
1548 578 1787 615 Pontificum
1807 579 1953 616 habent
1972 579 1999 617 ².

1247 631 1486 680 Stephanus
1515 631 1735 668 VI—Tunc
1748 631 1900 669 Alberti
1916 633 2155 672 marchionis

1192 683 1360 721 Tusciae
1380 686 1557 734 potentia
1578 695 1776 721 summum
1798 684 2072 733 pontificatum
2093 698 2154 724 ac·

1191 737 1295 784 cepit
1314 737 1535 786 Stephanus
1552 737 1846 784 VI,Romanus,
1861 737 1936 783 vir,
1949 740 1993 776 ut
2004 739 2059 776 ait
2069 739 2155 776 Flo-

1192 790 1382 837 doardus,
1404 802 1545 828 saevus
1565 790 1602 827 in
1627 790 1738 828 vivos
1752 817 1764 836 ,-
1781 790 2009 839 truciorque
2024 792 2064 829 in
2082 792 2156 829 de-

1192 842 1366 889 functos,
1386 843 1453 891 qui
1475 842 1696 881 inauditum
1714 844 1905 881 hactenus
1921 843 2075 882 facinus
2091 845 2155 882 ad-

1192 895 1427 943 misit,quod
1446 898 1579 933 tamen
1601 908 1679 933 non
1699 895 1774 933 fuit
1790 907 1901 933 error
1915 896 1955 933 in
1971 897 2067 935 Fide
2087 897 2155 935 sed

1193 948 1370 986 violenta
1398 950 1581 998 tyrannis
1611 949 1652 986 in
1672 949 1777 986 facto
1794 947 1822 986 ³.
1840 949 1999 986 Etenim
2015 961 2156 998 corpus

1192 1001 1370 1038 Formosi
1390 1002 1461 1051 Pp.
1476 1002 1683 1039 exhumari
1703 1004 1742 1039 et
1759 1002 2001 1040 indumentis
2030 1014 2156 1040 sacer-

1192 1054 1392 1092 dotalibus
1407 1055 1644 1101 indutum,in
1661 1055 1854 1103 synodum
1867 1054 2016 1092 adferri
2031 1055 2158 1101 iussit,

1190 1110 1230 1144 et
1250 1111 1457 1156 postquam
1479 1107 1516 1145 ei
1537 1109 1828 1156 exprobrasset,
1849 1107 1952 1155 quod
1981 1120 2071 1145 cum
2092 1120 2156 1146 es-

1194 1162 1253 1197 set
1274 1161 1506 1199 Portuensis
1528 1161 1747 1210 episcopus,
1769 1160 1996 1201 ambitionis
2016 1161 2156 1210 spiritu

1192 1214 1413 1251 Romanam
1442 1214 1583 1251 Sedem
1614 1216 1869 1261 usurpasset,
1914 1213 2158 1252 indumentis

1193 1267 1508 1305 sacerdotalibus
1528 1267 1633 1313 exui,
1658 1266 1918 1315 abscissisque
1943 1267 2072 1305 tribus
2093 1266 2154 1304 di-

1195 1320 1287 1368 gitis
1306 1349 1315 1366 ,
1344 1320 1384 1357 in
1414 1320 1588 1358 Tiberim
1619 1320 1754 1368 proiici
1785 1319 1911 1358 iussit.
1941 1320 2161 1358 Praeterea

1194 1372 1319 1410 factas
1340 1374 1388 1410 ab
1409 1385 1453 1410 eo
1474 1373 1753 1418 ordinationes,
1774 1373 1887 1410 irrita
1913 1372 2014 1410 dixit
2028 1372 2054 1411 ⁴¹.
2072 1373 2158 1411 Ve-

1195 1437 1284 1462 rum
1305 1427 1529 1475 Stephanus
1546 1426 1601 1463 VI
1620 1429 1829 1475 propterea
1852 1428 2011 1463 tantum
2027 1425 2161 1464 odium

1194 1478 1326 1524 subiit,
1344 1484 1386 1516 ut
1407 1482 1494 1527 post
1517 1491 1637 1516 unum
1654 1491 1798 1516 annum
1815 1481 1855 1516 et
1875 1490 2049 1517 mensem
2070 1491 2158 1528 pon-

1193 1531 1366 1569 tificatus
1386 1533 1434 1570 ab
1456 1532 1693 1570 adversariis
1713 1532 1753 1569 in
1780 1543 1982 1569 carcerem
2003 1531 2159 1570 coniec-

1193 1587 1256 1622 tus
1277 1587 1317 1622 et
1337 1585 1609 1635 strangulatus
1629 1585 1680 1622 sit
1701 1597 1762 1622 an.
1781 1584 1872 1623 897.

1247 1638 1409 1675 Erravit
1437 1638 1612 1687 profecto
1643 1637 1926 1686 Luitprandus,
1948 1638 2042 1675 dum
2068 1639 2158 1676 acta

1193 1690 1384 1740 Stephani
1403 1692 1459 1729 VI
1479 1691 1664 1730 attribuit
1687 1691 1825 1740 Sergio
1846 1692 1915 1730 III.
1934 1692 2042 1729 Idem
2062 1691 2154 1729 scri-

1234 1838 1245 1860 1
1263 1838 1351 1878 Apud
1370 1838 1484 1877 Labbe,
1504 1837 1623 1870 Concll.
1643 1841 1663 1870 t.
1682 1840 1731 1877 lx,
1749 1848 1777 1878 p.
1795 1838 1865 1870 502.

1234 1880 1248 1901 *2
1265 1881 1329 1911 Vid.
1348 1880 1486 1917 Sandini,
1505 1879 1592 1912 Vitae
1607 1879 1888 1920 RRPontificum‚
1905 1879 2094 1920 Bonifacius
2111 1878 2160 1912 VI.

1233 1922 1247 1943 3
1259 1922 1430 1960 Bar-onius,
1447 1921 1485 1951 ad
1504 1931 1554 1952 an.
1570 1921 1646 1960 897,
1662 1921 1677 1963 ἕ
1692 1921 1728 1959 4,
1746 1923 1824 1953 haec
1837 1923 1947 1960 habet:
1963 1921 2014 1954 En
2032 1921 2092 1953 illa
2111 1921 2161 1952 ιἠ-

1192 1962 1382 2003 felict‘sstma
1394 1961 1555 1994 Ecclesiae
1567 1963 1730 1995 Romanae
1745 1965 1902 2004 tempora,
1911 1966 2006 2004 atque
2013 1963 2161 1994 omnium

1194 2004 1445 2041 luctuosissima,
1470 2004 1585 2045 qulbus
1610 2005 1715 2044 ipsam
1732 2005 1868 2045 contt‘yit
1883 2004 2058 2036 domestico
2078 2003 2161 2035 bello

1193 2045 1368 2085 escccytcart,
1386 2047 1479 2085 atque
1492 2046 1715 2086 persecutione
1732 2046 1855 2084 vexari,
1873 2055 1956 2087 quae
1972 2054 2058 2076 nunc
2074 2054 2165 2086 coep—

1196 2089 1227 2118 ta
1250 2087 1354 2118 multo
1372 2088 1513 2125 tempore
1529 2087 1674 2118 maximo
1692 2087 1811 2118 damno
1829 2087 1967 2119 eandem
1985 2086 2162 2119 Ecclesiam

1195 2128 1384 2169 affecerant&
1404 2127 1496 2159 illata
1514 2128 1585 2167 ipsa
1599 2138 1659 2168 per
1675 2128 1865 2159 Adelbertos
1882 2128 2086 2161 Marchiones
2100 2136 2160 2168 po-

1197 2169 1394 2201 tentissimos
1412 2169 1546 2201 Tusciae
1563 2170 1737 2210 Principes
1756 2170 1998 2201 audacissimos.
2016 2170 2051 2200 Et
2068 2177 2162 2200 reve-

1195 2220 1240 2249 ra,
1257 2211 1442 2241 Adelbertus
1461 2214 1565 2241 tantae
1582 2212 1829 2250 eratpotentiae,
1848 2216 1879 2242 ut
1900 2211 2162 2251 quemadmodum

1196 2251 1413 2283 animadvertit
1430 2252 1639 2291 Luitprandus
1658 2252 1787 2292 (Hister.
1806 2252 1832 2282 i.
1850 2252 1871 2290 Ι,
1884 2262 1909 2283 c.
1928 2252 2078 2291 10),inte1·
2101 2261 2164 2283 om-

1197 2303 1252 2324 nes
1271 2293 1376 2323 ltaliae
1394 2294 1552 2331 principes
1568 2293 1654 2324 solus
1673 2295 1739 2332 ipse
1757 2297 1964 2334 cognomento
1989 2293 2164 2332 appellare-

1195 2338 1244 2365 tur
1267 2335 1366 2364 Dives.
1388 2333 1576 2372 Caeterum,
1600 2335 1704 2365 subdit
1727 2335 1889 2371 Bai-onius,
1913 2334 1973 2365 etsi
1996 2334 2165 2366 interdum

1196 2375 1340 2415 deforme
1367 2375 1458 2406 ualde
1482 2377 1638 2416 turpeque
1663 2376 1839 2415 cnntiqerit
1863 2376 1985 2416 apponi
2002 2375 2165 2408 Ecclesiae

1196 2420 1307 2456 caput;
1328 2415 1533 2447 tolerandum
1554 2418 1659 2447 lamen
1677 2417 1742 2456 fuit
1760 2417 1838 2457 ipsi,
1855 2417 1938 2457 quod
1956 2426 2019 2448 non
2034 2417 2165 2457 penitus

1197 2466 1308 2489 <miens
1330 2458 1372 2488 sit
1391 2457 1644 2494 i111·e›1121112,.secl
1660 2458 1721 2498 fiale
1739 2458 1901 2489 catholica
1917 2457 1980 2489 sibl
1998 2459 2164 2494 constans,

1197 2499 1254 2530 Det
1277 2508 1349 2529 vero
1372 2499 1588 2539 pemaissimw
1609 2509 1711 2539 supra
1734 2503 1839 2531 cetera
1856 2499 2003 2540 corporis
2018 2498 2165 2530 membra

1195 2541 1400 2580 provectum,
1427 2550 1492 2571 non
1513 2541 1582 2571 sine
1607 2550 1719 2571 caussa
1746 2541 1794 2571 rel
1814 2541 1959 2579 ratione,
1975 2539 2030 2571 sed
2045 2548 2164 2580 maqno

1198 2582 1247 2611 sut
1265 2580 1378 2612 iudicii
1396 2582 1603 2613 libramento:
1621 2582 1742 2613 elem'm
1761 2582 1883 2621 pondus
1900 2586 1929 2613 et
1945 2585 2065 2613 statera
2080 2581 2164 2612 iudi-

1199 2623 1247 2653 cia
1264 2623 1384 2652 Domini
1400 2627 1485 2654 sunt:
1502 2632 1583 2663 quae
1599 2624 1659 2654 elsi
1677 2623 1906 2655 inscrutabilia
1922 2622 2164 2663 praedicentur,

1199 2673 1257 2704 per
1281 2666 1493 2695 transennam
1521 2668 1626 2696 tamen
1652 2664 1845 2696 mortalibus
1868 2664 2067 2696 intuentibus
2083 2663 2165 2703 fiant

1201 2705 1310 2750 aliqua
1332 2706 1445 2736 saltem
1471 2715 1510 2736 ar
1533 2708 1627 2746 parte.
1648 2706 1832 2746 perspicua.
1859 2705 1897 2737 Ut
1913 2705 2002 2737 enlm
2025 2704 2106 2736 Deus
2123 2704 2165 2735 si-

1201 2747 1379 2786 qmsicarel,
1391 2747 1524 2777 eandem
1538 2757 1631 2778 suam
1645 2748 1825 2779 Ecclesiam
1839 2755 2041 2792 nequaquam
2055 2746 2164 2776 huma-

1203 2797 1279 2818 num
1297 2797 1362 2817 esse
1380 2789 1582 2827 (immanium,
1599 2790 1654 2819 sed
1665 2789 1762 2828 plane
1778 2788 1928 2819 divinum
1943 2788 2120 2818 inventum:
2132 2796 2165 2817 o-

1201 2829 1327 2869 portuit
1350 2829 1544 2868 ostendisse,
1562 2840 1631 2861 eam
1652 2839 1855 2870 nequaquam
1869 2836 2052 2870 pravorum
2070 2827 2166 2858 Anti-

1201 2871 1314 2900 stitum
1331 2880 1430 2910 opera
1445 2871 1538 2911 prodi
1553 2880 1654 2911 posse,
1670 2874 1700 2902 et
1717 2870 1757 2902 ad
1773 2870 1914 2901 nihilum
1926 2869 2059 2910 penitus
2075 2868 2165 2899 redi-

1203 2911 1255 2950 qi,
1273 2913 1355 2942 sicut
1372 2911 1409 2942 de
1427 2912 1500 2942 aliis
1517 2912 1722 2943 diversarum
1738 2911 1884 2952 qente'um
1901 2910 2025 2951 requis,
2043 2913 2073 2941 el
2088 2909 2167 2941 bene

1183 2982 1184 2985 ,
1204 2953 1335 2983 statutis
1367 2953 1602 2993 rebus-puhlicis
1624 2954 1749 2993 luctam
1772 2954 1912 2984 constat:
1936 2961 2016 2997 quae
2039 2950 2166 2982 tamdiu

1204 2993 1386 3025 cons-titisse
1404 2994 1566 3034 loquutur,
1584 2994 1740 3035 ‹Juumdiu
1755 2993 1846 3034 suere
1860 3002 1918 3033 per
1932 3001 2015 3024 turos
2026 2991 2166 3033 pruden-

1205 3037 1249 3064 tes
1273 3038 1301 3065 at
1326 3035 1443 3066 virtute
1465 3036 1631 3075 praeditos
1648 3035 1918 3071 administratae:
1933 3034 2071 3075 periisse
2087 3042 2162 3064 vero

1203 3076 1347 3115 penitae,
1364 3076 1417 3107 nbi
1435 3077 1512 3107 viris
1528 3077 1667 3109 scelestis
1686 3076 1805 3108 tradita
1820 3078 1895 3107 sunt
1912 3084 2029 3107 earum.
2042 3073 2159 3116 auber-

1205 3118 1319 3148 nacnlu
1339 3118 1544 3150 inmutet-arula.

1246 3159 1258 3179 ⁴
1280 3160 1391 3196 Labbe,
1408 3161 1465 3191 loc.
1483 3161 1548 3198 cit.;
1567 3160 1718 3196 Auxilius,
1738 3160 1786 3191 De
1800 3157 2063 3191 ordinationibus
2079 3155 2166 3190 For-

1206 3200 1296 3239 mosi,
1315 3201 1518 3238 Flodoardus,
1536 3201 1584 3232 Dc
1600 3201 1660 3234 ΗΒ.
1678 3200 1802 3240 Pontis.
